2962 4696
727 296 767 358 34

8 512 12 523 ι
139 469 258 536 nullum
280 468 464 550 vestigium,
491 488 685 554 quamquam
706 490 744 538 ne
767 472 797 537 id
821 472 961 554 quidem,
988 475 1144 555 quomodo
1166 476 1281 542 iactum
1303 477 1358 557 sit,

138 580 340 660 intellegitur,
356 582 393 643 ut
410 579 493 643 iuter
506 577 563 642 has
577 575 706 644 lacunas
722 580 850 653 verbum
866 598 960 644 uuum
978 580 1175 665 διπηχυαῖον
1191 569 1357 649 resideret,

138 687 205 752 Nec
233 704 293 751 non
324 684 432 749 eodem
461 689 572 765 pacto,
604 691 759 766 quotquot
780 687 875 751 rebus
903 685 953 751 hic
980 688 1114 769 amplior
1143 695 1193 755 est
1212 690 1280 771 illo,
1316 705 1356 755 ea

78 802 88 817 ‘
139 793 242 859 omnia
271 789 353 874 apud
383 791 465 857 hunc
493 791 623 873 periisse
652 791 850 857 librariorum
876 792 1074 873 neglegentia
1108 795 1155 859 vel
1186 797 1356 880 iniquitate

140 904 314 980 temporum
344 897 452 962 licebit
482 898 656 978 imaginari.
709 898 795 976 Quae
822 899 927 980 opinio
958 935 998 946 -
1026 906 1063 964 ut
1091 901 1171 966 hanc
1200 894 1264 966 rem
1292 903 1356 967 lam

139 1005 406 1086 nuncsanticipem
430 1039 469 1051 -
492 1004 595 1085 aliquo
617 1004 710 1069 modo
732 1006 861 1070 iuvatur
882 1007 1031 1090 itaquae
1053 1007 1356 1090 deTheophrasteae

140 1112 307 1177 memoriae
327 1110 387 1175 lide
409 1115 564 1177 constant.
606 1111 676 1190 Qua
699 1111 737 1176 de
760 1130 793 1175 re
817 1111 915 1177 Oscar
938 1113 1093 1178 Kirchner
1115 1115 1169 1197 (cl.
1192 1114 1239 1196 ,de
1255 1115 1357 1181 Theo-

139 1217 263 1300 phrasti
284 1218 374 1284 libris
394 1216 611 1300 phytologicis'
636 1217 762 1282 Vratisl.
786 1223 873 1283 1874.
895 1236 926 1299 p.
949 1220 997 1298 9),
1027 1225 1193 1302 postquam
1215 1221 1296 1287 dixit
1317 1222 1357 1287 de

91 1400 95 1412 ι
139 1325 256 1392 codicis
295 1324 458 1390 Urbinatis
497 1325 631 1389 omnium
673 1325 783 1405 optimi
821 1327 1032 1407 praestantia,
1077 1329 1261 1408 praesertim
1293 1347 1357 1410 quo

138 1431 257 1513 multae
278 1430 408 1497 lacunae
429 1436 602 1497 ceterorum
626 1431 860 1513 supplerentnrt
895 1430 1112 1516 tQuanquam',
1134 1435 1245 1516 iuquit,
1265 1434 1359 1513 tvidi-

139 1558 225 1621 mns,
252 1539 333 1621 qnod
357 1539 568 1604 interamnae
592 1543 734 1616 constat,
757 1537 942 1603 Urbinatem
965 1541 1102 1604 omnium
1124 1541 1264 1606 codicum
1286 1559 1358 1606 esse

80 1706 85 1726 ,
116 1639 459 1729 praestantissimum,
487 1650 592 1709 tamen
615 1663 679 1710 non
699 1644 864 1709 lectionem
884 1646 1019 1727 priscam
1040 1648 1192 1728 servavit,
1215 1652 1252 1712 ut
1272 1649 1360 1712 coni·
1398 1723 1400 1727 ¹

139 1753 248 1819 ciendo
270 1757 303 1818 et
319 1751 505 1833 suspicando
523 1751 611 1816 nobis
629 1768 691 1815 non
714 1768 791 1830 opus
810 1752 867 1831 sit;
893 1751 984 1815 immo
999 1751 1113 1817 multas
1132 1755 1162 1816 in
1181 1771 1218 1816 eo
1236 1752 1360 1816 inveni-

139 1878 209 1926 mus
230 1859 361 1924 lacunas
381 1855 579 1937 manifestas,
611 1862 794 1938 tantamque
815 1857 1014 1923 librariorum
1044 1859 1292 1938 neglegentiam,
1322 1865 1360 1924 ut

141 1965 351 2048 Theophrasti
369 1982 464 2046 opera
483 1965 520 2029 iis
537 1964 743 2030 adscribenda
760 1966 832 2042 sint,
853 1982 935 2044 quac
950 1983 988 2029 ex
1006 1965 1145 2044 antiquis
1162 1964 1359 2046 temporibus

139 2073 221 2139 male
242 2078 369 2137 nostrae
392 2071 559 2137 memoriae
588 2071 706 2135 tradita
728 2057 820 2135 sunt’.
863 2070 955 2148 Quod
977 2071 1018 2134 six
1034 2076 1233 2136 statueretur
1255 2070 1359 2134 Theo-

25 2252 35 2275 !
79 2244 88 2273 s
139 2183 303 2263 phrastum
323 2198 340 2243 e
362 2178 462 2243 Plinio
485 2177 592 2242 multis
615 2177 690 2242 locis
713 2177 875 2257 diligentia
903 2182 935 2241 et
964 2179 1165 2242 accuratione
1193 2170 1357 2242 excussum

141 2305 225 2364 esse,
254 2287 292 2351 iis
315 2286 443 2350 lacunas
466 2289 572 2349 textus
595 2283 823 2364 Theophrastei
846 2301 884 2348 ex
905 2283 965 2347 hoc
986 2282 1111 2365 explere
1140 2290 1247 2366 aptum
1269 2283 1359 2349 vide-

130 2399 239 2458 retur.
281 2391 341 2456 Sed
370 2389 523 2473 siquidem
546 2396 670 2454 constat
695 2389 752 2453 hos
780 2389 878 2454 libros
900 2407 919 2453 a
940 2389 1040 2454 Plinio
1067 2389 1266 2454 festinantius
1288 2407 1359 2454 cor-

141 2505 250 2581 reptos
273 2516 352 2580 esse,
374 2497 434 2562 etsi
457 2515 494 2561 ex
517 2497 584 2578 ipso
606 2496 823 2577 Theophrasto
845 2514 899 2560 eos
921 2497 1071 2575 originem
1093 2495 1218 2560 duxIssc
1240 2513 1359 2576 ponere

18 2664 21 2675 .
83 2690 86 2695 Ι
141 2606 305 2685 vellemus,
345 2609 451 2670 tamen
483 2604 514 2667 iu
553 2602 607 2666 illo
639 2604 766 2682 negotio
805 2620 927 2667 summa
966 2620 1046 2683 opus
1084 2608 1170 2667 esset
1200 2602 1357 2667 cautione.

142 2713 288 2778 Ceterum
321 2709 516 2791 comparanti
545 2726 705 2773 numerum
733 2708 930 2785 lacunarum,
967 2710 1105 2789 quaein
1136 2707 1358 2790 Theophrasto

140 2822 334 2896 statuuntur,
357 2834 425 2881 cum
442 2816 592 2881 immensa
611 2816 642 2880 vi
659 2833 776 2895 eorum,
795 2816 906 2898 quihus
928 2821 1037 2880 noster
1056 2816 1109 2879 illo
1127 2816 1357 2896 copiosiorem,

142 2925 174 2989 in
188 2934 318 3007 promtu
332 2923 392 2987 crit
412 2940 493 3002 eum,
515 2923 567 3002 qui
585 2923 632 2985 his
646 2920 807 2986 historiam
819 2921 998 3004 plantarum
1011 2922 1140 3002 implere
1150 2921 1234 3001 velit,
1255 2927 1358 2987 artem

142 3031 282 3098 criticam
296 3047 425 3111 prorsus
442 3033 631 3110 pervertere.
675 3027 763 3106 Quae
786 3045 853 3092 cum
875 3029 920 3092 ita
936 3028 1001 3092 sint
1021 3030 1153 3109 ratione,
1175 3045 1255 3108 quae
1271 3028 1358 3094 inter

142 3156 197 3203 eos
219 3136 397 3218 intercedit,
426 3140 490 3201 tam
513 3136 651 3216 incerta,
679 3141 712 3199 et
743 3134 781 3198 de
809 3139 916 3199 nostro
937 3151 1013 3198 casu
1033 3133 1102 3198 ‘non
1124 3133 1230 3214 liquet'
1249 3135 1359 3215 potius

143 3249 193 3309 est
214 3242 423 3309 confitendum
445 3260 538 3324 qnam
563 3246 649 3306 certo
673 3239 923 3318 diiudicandum,
952 3240 1011 3304 etsi
1032 3258 1093 3303 non
1117 3248 1252 3319 negatur
1273 3239 1359 3305 Har·
1398 3320 1402 3327 Ι

142 3351 227 3417 duini
249 3350 436 3415 sententiam
457 3366 476 3412 a
494 3346 763 3413 verisimilitudine
784 3365 848 3410 non
871 3348 916 3411 lta
936 3346 1114 3410 abhorrere.

229 3458 301 3522 Veri
332 3456 460 3521 similior
490 3455 664 3520 emendatio
689 3453 895 3536 Theophrasti
924 3471 963 3517 ex
983 3453 1084 3518 Plinio
1113 3451 1293 3518 admittitur
1318 3450 1360 3517 dc

142 3564 220 3643 loto,
241 3562 337 3628 herba
359 3562 500 3643 palustri,
521 3566 660 3626 tractata
681 3558 720 3624 ab
741 3558 799 3625 hoc
819 3559 905 3640 XIII,
923 3564 1096 3638 lor-110,
1117 3561 1157 3625 ab
1180 3558 1234 3623 illc
1254 3557 1309 3639 IV,
1327 3560 1362 3638 8,
1396 3638 1400 3651 ¹

143 3675 254 3734 a-ll.
296 3669 371 3733 Loci
393 3669 426 3733 in
448 3669 628 3733 universum
659 3666 840 3745 concinunt,
870 3665 931 3730 nisi
952 3667 1035 3745 quod
1068 3666 1100 3729 in
1122 3671 1259 3746 utroque
1280 3681 1361 3729 nour
1394 3670 1402 3703 '·

142 3777 230 3843 nulla
252 3777 371 3857 insunt,
399 3794 479 3857 qnae
500 3775 632 3839 alterum
656 3771 818 3847 deficinut;
852 3789 914 3837 uua
936 3777 1040 3836 tamen
1062 3791 1097 3836 re
1118 3772 1149 3836 in
1173 3771 1234 3836 alia
1256 3769 1362 3834 disce-

143 3888 231 3952 dunt.
275 3885 335 3949 Hic
356 3881 455 3947 tradit
476 3881 573 3946 lotum
601 3880 764 3961 provenire
792 3877 930 3958 tsimilem
961 3878 1067 3978 falli-ae
1095 3877 1185 3942 caule
1212 3874 1371 3960 follisque,

142 4009 240 4075 densa
270 4007 414 4090 congerie
446 4004 572 4086 stipatis
602 4002 797 4068 brevioribus
827 4007 952 4066 tantum
980 3999 1276 4082 gracilioribusque’.
1321 4000 1362 4076 ln

144 4113 358 4197 Theophrasto
385 4131 458 4178 vero
487 4110 617 4191 legitur:
653 4109 693 4172 cd
725 4103 831 4182 ἄνθος
859 4107 963 4172 αὐτοῦ
991 4109 1124 4188 λευκὸν,
1152 4109 1292 4190 ἐμφερὲς
1318 4108 1385 4207 τῇ
