2962 4696
794 298 834 357 20

225 486 229 491 ·
294 471 490 552 Quamquam
514 469 612 550 igitur
629 471 671 534 ¹de
694 471 851 553 plerisque
875 469 967 534 rebus
990 472 1072 534 inter
1097 471 1153 535 hos
1179 472 1339 535 consensio
1362 476 1420 554 est,

203 584 308 644 mmen
328 578 482 643 nonnullis
505 596 629 659 quoque
658 578 849 659 discrepant.
893 579 936 643 hc
963 579 1095 659 primum
1127 578 1249 659 quidem
1280 578 1420 642 ordinem

205 684 415 765 Theophrasti
444 703 463 748 a
489 685 589 749 Plinio
619 703 681 749 non
709 704 831 767 semper
859 691 1017 750 retentum
1045 703 1114 750 esse
1142 685 1419 750 animadvertimus

203 790 360 872 logenton,
391 809 459 857 cum
481 797 586 856 tamen
608 811 670 857 non
689 792 916 874 perspiciatur,
945 811 1000 857 cur
1024 791 1191 856 id‘laetum
1214 793 1265 856 sit.
1310 791 1420 870 Neque

205 896 286 961 enim
309 886 425 963 noster*
439 903 557 964 certum
587 900 618 963 in
647 898 858 964 describendis
886 898 1053 965 arboribus
1079 897 1238 962 consilium
1265 899 1418 978 sequitur,

205 1021 307 1088 neque
327 1005 408 1069 aliae
429 1005 584 1086 quaedam
607 1023 719 1070 causae
741 1004 1027 1086 deprehenduntur.
1072 1004 1161 1082 Quod
1185 1023 1220 1068 oo
1242 1005 1342 1083 magis
1364 1005 1420 1067 mi-

205 1128 329 1192 ramur,
356 1112 603 1192 quandoquidem
625 1113 703 1176 satis
729 1112 842 1175 leuiter
868 1118 900 1175 et
920 1112 1032 1176 cursim
1055 1094 1230 1176 naturalem
1256 1111 1420 1177 historiam

206 1234 274 1283 esse
295 1217 466 1311 confectam
489 1236 596 1284 omnes
618 1205 678 1283 viri
700 1218 783 1282 docti
805 1219 1013 1282 consentiunt.

287 1323 401 1389 Melius
421 1325 460 1388 ad
483 1324 513 1390 id
536 1326 700 1390 convenire
720 1310 851 1406 videtur,
874 1325 955 1405 quod
977 1325 1026 1388 hic
1044 1343 1095 1389 res
1116 1324 1155 1388 ab
1175 1323 1227 1388 illo
1248 1325 1420 1405 explicatas

207 1431 438 1517 saepissimam
458 1438 564 1497 artum
583 1432 724 1514 collegit,
755 1432 787 1496 id
810 1433 895 1513 quod
918 1431 1097 1496 festinantis
1127 1450 1195 1495 esse
1226 1451 1286 1495 rron
1315 1422 1421 1512 inepte

207 1539 384 1620 opinantur.
428 1537 661 1620 Theophrastus
684 1558 778 1621 saepe
797 1541 827 1603 in
847 1540 1020 1604 elocutione
1043 1539 1145 1617 latior,
1164 1557 1256 1620 quem
1278 1539 1328 1603 hic
1348 1558 1421 1603 con·

208 1647 334 1712 trahere
355 1647 452 1728 solet,
479 1653 514 1712 ut
535 1647 641 1728 paucis
662 1647 765 1711 verbis
786 1648 895 1711 eadem
919 1647 1150 1725 contineantur,
1178 1665 1258 1727 quae
1279 1647 1422 1727 pluribus

207 1753 302 1819 illius.
345 1755 387 1818 Et
408 1755 526 1831 evenit,
555 1761 589 1818 ut
612 1755 707 1817 nimio
729 1753 893 1817 brevitatis
915 1753 1018 1817 studio
1039 1754 1189 1816 obscurus
1210 1752 1317 1832 fieret,
1339 1771 1366 1816 e.
1390 1772 1422 1832 g.

209 1861 248 1925 de
269 1859 327 1924 fico
351 1859 474 1942 Cypria,
495 1860 548 1924 ubi
572 1860 648 1925 haec
668 1861 788 1941 profert
811 1860 859 1939 (cf.
879 1878 973 1940 supra
989 1859 1007 1940 ς
1024 1860 1091 1939 58);
1111 1860 1174 1940 tsed
1198 1860 1274 1923 haec
1296 1877 1422 1941 germen

209 1967 326 2032 emittit·
347 1968 414 2031 sine
436 1967 506 2032 ullis
524 1967 606 2032 loliis
629 1967 724 2033 radici
740 1967 848 2031 simile'
870 1985 927 2030 nec
947 1966 1035 2029 addit
1054 1984 1092 2029 ex
1113 1966 1172 2030 hoc
1195 1967 1261 2047 ipso
1283 1968 1423 2046 germine

208 2074 294 2139 nasci
324 2092 468 2155 pomum,
497 2073 527 2136 id
557 2074 642 2154 quod
673 2092 691 2138 e
724 2091 843 2137 conexu
872 2093 934 2137 non
965 2080 1218 2153 cognosceretur,
1250 2074 1309 2136 nisi
1339 2073 1423 2154 apud

210 2176 458 2262 Theophrastum
486 2185 627 2245 exstaret
655 2181 737 2262 πρὸς
759 2168 840 2263 ᾦγε
862 2181 881 2244 ὁ
901 2180 1036 2261 καρπός.
1082 2181 1190 2244 Eidem
1219 2181 1324 2244 studio
1355 2180 1426 2242 bre-

209 2288 318 2351 vitatis
346 2286 472 2350 videtur
502 2286 718 2367 tribuendum,
747 2288 773 2350 si
806 2286 837 2369 (ᾗ
862 2287 912 2368 59)
945 2288 1119 2352 cerauniam
1150 2287 1225 2351 dicit
1255 2293 1365 2350 trunco
1394 2292 1427 2348 et

208 2393 311 2473 ipsam
337 2392 471 2457 fertilem
491 2411 576 2469 esse;
608 2394 663 2458 sed
685 2393 935 2474 Theophrastus:
954 2394 1148 2475 *plerumque
1171 2399 1297 2469 trunco,
1329 2393 1426 2455 ramis

164 2492 166 2499 ’
210 2498 360 2579 paullum.
396 2498 440 2563 Et
461 2499 630 2578 interdum,
653 2499 679 2563 si
699 2517 827 2580 prorsus
847 2500 1073 2563 interciderunt
1093 2516 1173 2579 quae
1191 2499 1426 2579 Theophrastus

210 2605 349 2686 prolert,
377 2605 462 2671 idem
490 2605 649 2670 consilium
680 2604 814 2670 valuisse
842 2606 974 2670 videtur.
1028 2606 1089 2670 Sed
1119 2607 1150 2669 in
1181 2607 1303 2671 omissis
1331 2605 1426 2683 louge

211 2711 368 2793 plerisque
386 2712 468 2776 ratio
488 2730 548 2776 non
570 2713 744 2793 invenitur3
767 2712 860 2776 modo
883 2712 960 2778 haec
975 2713 1183 2794 Theophrasti
1206 2712 1427 2777 desiderantur

211 2818 302 2882 modo
322 2817 385 2882 illa.
427 2818 475 2882 Ne
496 2819 662 2883 brevitatis
684 2819 808 2901 quidem
831 2819 936 2884 studio
957 2818 1090 2902 quodam
1113 2838 1181 2882 eom
1206 2820 1332 2883 ductum
1357 2837 1427 2883 esse

211 2923 366 3006 probatur
387 2923 595 3004 Theophrasti
625 2931 714 2989 textu
743 2942 839 3005 supra
868 2942 1005 2989 excusso.
1047 2925 1128 2989 Nam
1151 2925 1225 3007 quid
1256 2931 1289 2989 tu
1318 2943 1427 2990 censes

92 3024 105 3033 ⁸
211 3030 343 3095 rationis
365 3030 477 3111 inesse,
498 3032 525 3095 si
547 3031 678 3097 alterius
696 3031 819 3096 arboris
837 3032 881 3095 nil
904 3032 963 3097 nisi
985 3033 1126 3096 materiei
1149 3033 1273 3098 bonitas
1296 3038 1328 3096 et
1351 3049 1429 3096 usus

213 3143 475 3211 commemoratur
493 3140 605 3202 ceteris
623 3138 766 3203 omnibus
788 3137 882 3203 rebus
903 3139 1063 3218 neglectis,
1082 3140 1113 3202 in
1135 3138 1236 3203 altera
1253 3158 1325 3203 vero
1344 3138 1429 3202 vires

212 3244 339 3309 eaedem
370 3244 595 3325 negleguntur,
626 3263 696 3309 cum
726 3251 838 3310 contra
868 3245 906 3309 de
936 3245 1043 3310 nucleo
1071 3246 1229 3326 complura
1257 3245 1428 3325 addantur,

213 3369 295 3432 quae
315 3352 347 3414 iu
371 3350 588 3432 Theophrasto
613 3370 676 3415 non
695 3359 772 3416 sunt
801 3351 851 3432 (ol.
874 3351 910 3433 ἐξ
927 3356 1047 3415 61-62
1070 3354 1108 3416 de
1134 3351 1244 3415 balano
1267 3358 1300 3415 et
1323 3352 1430 3431 cuois).

212 3456 279 3521 Nee
300 3457 416 3520 mentio
445 3456 644 3520 fiteiusdem
673 3459 718 3521 rei
740 3458 779 3522 de
801 3458 882 3522 oliva
904 3458 1038 3539 Aegypti
1061 3457 1092 3540 (ἓ
1111 3459 1164 3540 63)
1191 3477 1247 3522 nec
1268 3459 1353 3522 aliud
1376 3476 1431 3522 ex·

215 3565 437 3644 scriptumest
465 3563 525 3627 nisi
552 3562 604 3627 ubi
627 3570 794 3641 nascatur,
823 3583 860 3628 ne
888 3564 919 3629 id
941 3549 1064 3645 quidem
1094 3566 1174 3645 quod
1199 3564 1251 3629 ille
1272 3564 1367 3628 habet
1389 3565 1431 3628 de

2 3720 4 3727 .
96 3672 101 3676 '
214 3671 300 3750 oleo,
328 3671 469 3751 quamvis
490 3669 631 3750 plurimis
653 3670 727 3735 locis
751 3671 790 3735 de
812 3670 880 3735 oleo
901 3671 986 3750 apud
1007 3669 1089 3736 hunc
1111 3673 1152 3735 sit
1175 3689 1293 3751 sermo,
1322 3688 1431 3751 quam-

213 3778 322 3856 visque
344 3778 412 3841 usui
434 3777 629 3856 potissimum
652 3776 797 3842 arborum
820 3778 1058 3859 peregrinarum
1081 3778 1108 3841 is
1130 3779 1256 3842 studeat
1278 3783 1374 3857 atque
1398 3779 1430 3841 in

215 3884 304 3948 initio
334 3883 406 3946 libri
436 3883 610 3947 duodecimi
639 3887 749 3962 aperte
777 3884 974 3964 pronuntiet3
1011 3884 1049 3949 cf.
1071 3885 1088 3967 ᾗ
1114 3890 1150 3948 14
1177 3885 1218 3965 ,in
1247 3884 1431 3964 praesentia

214 3994 361 4053 externas
384 3998 608 4070 persequemur
630 4006 649 4051 a
670 3989 800 4053 salutari
823 3989 957 4054 maxime
981 3992 1060 4055 orsi‘.
1104 3991 1181 4070 Quis
1203 3997 1261 4068 est,
1283 3991 1332 4055 cui
1353 3989 1432 4054 haec

215 4096 382 4160 meditanti
404 4095 536 4160 Plinium
559 4114 619 4159 non
642 4095 850 4176 Theophrasti
872 4097 969 4161 verba
991 4098 1045 4160 sed
1072 4098 1164 4162 alium
1187 4099 1290 4178 potius
1312 4098 1430 4164 fontem
1472 4142 1480 4151 ,
