2962 4696
593 1088 595 1093 ι
650 942 881 1091 ΨΑ.

229 1139 318 1194 Natus
337 1157 396 1194 snm
422 1141 576 1195 Ioannes
593 1141 769 1212 Georgius
787 1142 938 1197 Carolus
956 1142 1143 1212 Sprengel,
1168 1141 1293 1197 cassellis
1311 1106 1374 1196 Kal.

160 1232 229 1286 Nov.
244 1249 269 1287 a.
283 1233 312 1287 h.
323 1251 344 1287 s.
364 1233 462 1298 LXIII,
480 1237 559 1302 patre
575 1234 742 1299 Hermanno,
761 1237 851 1289 matre
863 1234 951 1288 Maria
969 1251 984 1289 e
1001 1237 1086 1304 gente
1104 1234 1256 1302 Dreydorff,
1275 1233 1376 1304 quibus

160 1326 252 1381 adhuc
270 1325 427 1381 viventibus
452 1326 532 1381 valde
550 1327 666 1396 gaudeo.
702 1327 797 1382 I'idem
822 1327 954 1397 profiteor
976 1325 1175 1396 evangelicam.
1211 1327 1255 1380 Ab
1272 1327 1375 1379 aetatis
1456 1369 1461 1373 .

162 1436 234 1474 anno
253 1421 351 1474 octavo
369 1436 456 1488 usque
473 1420 509 1473 ad
527 1420 676 1492 septimum
695 1419 831 1475 decimum
851 1419 1004 1489 discipulus
1015 1418 1249 1488 adfuigymnasio
1268 1418 1376 1487 patriae

163 1529 253 1577 meae,
279 1512 353 1581 quod
377 1514 438 1567 tum
458 1513 610 1567 vocabatur
628 1512 748 1583 Lyceum
767 1512 1009 1569 Friedericianum.
1045 1514 1076 1566 A.
1095 1513 1123 1566 h.
1142 1529 1162 1566 s.
1181 1511 1295 1565 LXXXI
1314 1528 1377 1566 vere

110 1599 113 1603 ’
161 1604 353 1660 testimonium
370 1605 543 1659 maturitatis
567 1609 708 1661 assecutus
726 1607 906 1676 Marpurgum
925 1606 1069 1660 cattorum
1089 1622 1132 1660 me
1149 1605 1262 1668 contuli,
1281 1604 1329 1658 ubi
1348 1604 1379 1657 in

165 1697 334 1767 philologiae
353 1698 476 1759 studium
491 1698 612 1762 incubui,
630 1698 694 1752 inde
712 1701 775 1767 post
793 1698 931 1752 biennium
946 1698 1120 1753 Monaohiam
1138 1697 1333 1767 transmigravi
1351 1700 1380 1751 et

165 1807 211 1844 ser
231 1791 372 1845 mensibus
394 1793 458 1860 post
477 1789 610 1860 Lipsiam;
640 1808 712 1847 auno
737 1791 775 1844 ibi
801 1795 911 1860 peracto
929 1793 1019 1846 denuo
1038 1791 1094 1845 adii
1118 1791 1286 1846 academiam
1307 1792 1379 1844 llar-

165 1901 341 1953 purgensom.
376 1884 562 1952 Frequentavi
580 1885 720 1949 lectiones,
739 1901 807 1952 quas
825 1884 967 1939 habebant
985 1884 1036 1937 viri
1052 1883 1201 1937 doctissimi
1216 1885 1289 1948 Bos,
1308 1885 1380 1936 Bor·

165 1993 256 2040 mann,
272 1976 401 2048 Brieper,
417 1977 550 2045 Causast,
569 1977 602 2031 de
615 1977 713 2042 Christ,
729 1977 826 2039 Oeten,
846 1976 990 2045 Curtiust,
1009 1977 1042 2030 de
1053 1977 1255 2043 Giesebrecht†,
1273 1976 1381 2042 Hireel,

48 2087 52 2095 ¹
166 2062 255 2137 Koch,
281 2070 409 2138 Mouet
435 2071 558 2139 Natorp,
585 2070 872 2134 carcassonae,
898 2070 1027 2133 Schmidt,
1053 2071 1156 2133 Stasea,
1181 2055 1381 2138 Varrentrupp,

170 2162 368 2234 Weotertump,
392 2164 528 2233 Wdlfflin,
552 2163 664 2227 Wundt,
685 2164 818 2226 Zarnclse,
843 2167 872 2218 et
891 2163 1046 2218 seminariis
1065 2161 1189 2226 interfui,
1210 2178 1282 2229 quae
1299 2161 1379 2215 flore·

165 2258 234 2311 bant
258 2256 407 2311 rectoribus
432 2257 535 2320 Bistio,
559 2257 728 2320 Bormunno,
754 2257 903 2323 Gaesare†,
929 2256 962 2310 dc
982 2255 1081 2319 Olario,
1109 2256 1224 2319 Ocheus,
1243 2254 1382 2321 Heraclio,

165 2351 295 2416 Lucue†,
316 2349 486 2435 Ouerbeelcio,
505 2350 661 2413 Ribbeetto,
682 2349 841 2417 Schmidtto,
858 2349 1011 2419 Wdlffla'no.
1047 2349 1190 2414 Omnibus,
1208 2349 1257 2416 qui
1273 2364 1316 2401 me
1332 2348 1380 2401 do·

165 2445 292 2506 suerunt,
311 2441 416 2512 gratias
432 2458 485 2511 ago
504 2459 587 2510 quam
607 2441 748 2507 maximas,
777 2443 923 2511 praecipue
942 2445 1036 2496 autern
1055 2442 1196 2496 Theodoro
1214 2442 1283 2506 Birt,
1303 2441 1381 2495 ouius

166 2551 302 2590 summam
326 2551 394 2605 erga
417 2552 461 2590 me
484 2535 638 2590 bonitatem
663 2550 771 2604 semper
794 2537 876 2605 grato
894 2535 987 2590 animo
1010 2533 1143 2589 retinebo.
1179 2534 1250 2589 Vere
1269 2550 1293 2587 a.
1314 2534 1340 2587 h.
1359 2551 1381 2587 s.

167 2626 321 2682 LXXXVII
345 2634 490 2698 postquam
516 2643 629 2683 examen
655 2644 705 2704 pro
728 2627 865 2682 facultate
891 2627 1007 2683 docendi
1031 2627 1187 2697 legitimum
1213 2626 1302 2696 primo
1319 2644 1382 2682 oum

169 2721 259 2791 gradu
278 2721 420 2791 superavi,
445 2720 473 2774 in
493 2721 613 2790 patriam
638 2737 727 2775 meam
748 2735 873 2775 reversus
897 2723 1010 2790 peracto
1037 2736 1110 2774 anno
1133 2718 1254 2774 tirocinii
1279 2721 1382 2795 paeda·

168 2813 275 2884 gogioi,
300 2831 350 2884 per
368 2814 443 2881 quod
460 2817 569 2883 tempus
593 2812 695 2867 sodalis
713 2813 754 2866 fni
772 2812 927 2867 ordinarius
951 2812 1090 2867 seminarii
1108 2812 1289 2883 paedagogioi
1311 2813 1383 2883 regii

167 2907 322 2962 etiamnum
341 2907 468 2961 florentis·
485 2907 536 2960 sub
553 2905 684 2976 auspiciis
702 2905 755 2960 viri
772 2906 922 2960 doctissimi
941 2905 1118 2975 Lahmeyeri‚
1138 2921 1171 2960 ex
1190 2905 1239 2960 illo
1257 2909 1383 2977 tempore

169 3000 262 3055 adbuc
280 2999 407 3056 cassellis
425 3015 524 3069 pueros
542 2999 631 3054 docui.
