2962 4696
108 479 345 546 crassitudinem
398 477 580 558 adolevere,
632 481 686 545 sed

104 581 182 647 haee
211 596 336 660 germen
365 577 482 643 emittit
515 578 582 643 sine
615 580 687 645 ullis

103 680 184 744 foliis
215 677 312 743 rodiei
332 675 441 761 simile.
486 674 613 742 Caudex
636 697 687 744 or·

103 779 188 844 boris
202 778 311 843 similis
325 775 451 858 populo,
469 775 576 841 folium
593 777 687 844 ulmo.

104 878 236 945 Fructus
247 880 418 958 quaternos
430 874 546 956 fundit,
568 874 686 943 totiens

102 975 310 1056 etgerminat.
333 974 394 1040 Sed
405 991 536 1055 grossus
548 976 615 1040 eius
627 994 686 1041 non

102 1073 285 1139 maturescit
316 1075 374 1139 nisi
408 1074 543 1139 incisura
573 1075 687 1140 emisso

11 1176 16 1185 '
100 1173 193 1238 lacte.
225 1172 418 1238 Suavitos
439 1178 479 1237 et
500 1173 688 1240 interiora

99 1277 200 1379 fi-oi-‚
212 1282 397 1363 magnitudo
402 1283 549 1383 Q

102 2032 167 2116 (59)
189 2031 306 2099 Similis
336 2037 370 2096 et
395 2048 490 2113 quom
519 2031 610 2095 Iones
639 2047 687 2094 oe-

100 2131 246 2198 muniam
268 2135 401 2211 vocant,
429 2136 542 2196 trunco
563 2135 597 2195 et
617 2130 687 2211 ipsa

100 2229 227 2297 fertilia.
273 2230 333 2298 Sed
355 2249 481 2313 pomum
511 2231 543 2295 in
566 2230 686 2311 siliqua.

77 2323 151 2396 'Ob
173 2331 207 2396 id
231 2330 359 2414 quidam
379 2328 567 2413 Aegyptiam
595 2329 687 2395 ficum

100 2430 209 2497 dixere
241 2448 349 2497 errore
388 2430 562 2496 manifesto.
616 2431 687 2495 Non

101 2531 184 2595 enim
206 2530 239 2596 in
258 2531 403 2613 Aegypto
423 2531 564 2597 nascitur
582 2531 636 2596 sod
655 2531 687 2595 in

98 2629 191 2711 Syria
214 2629 367 2713 Ionioque
396 2634 428 2694 et
449 2630 530 2696 oiroa
554 2627 685 2695 Cnidum

97 2734 195 2811 atque
217 2728 250 2794 in
272 2728 396 2810 Rhodo,
417 2747 540 2811 semper
561 2747 684 2795 comon-

96 2829 183 2895 tibus
216 2827 421 2909 ioliiajiore
450 2828 585 2895 candido
615 2847 683 2895 oum

96 2927 293 2993 vehementia
336 2928 462 3008 odoris',
503 2928 683 3010 plantigera

49 3016 53 3021 ’
95 3027 167 3092 imis
188 3027 333 3109 portibus
364 3031 397 3093 et
425 3027 495 3093 ideo
520 3026 683 3107 superficie

95 3124 336 3209 flaooesoens1),
379 3143 526 3203 purum
569 3127 683 3192 aute-

95 3231 218 3291 rente
246 3225 399 3292 nubole.
415 3224 418 3229 '
436 3225 532 3290 Pomo
556 3229 683 3290 antece-

96 3323 204 3389 dentis
237 3324 314 3390 anni
346 3324 429 3390 oiroa
467 3325 553 3390 oanis
593 3329 681 3389 ortus

95 3404 240 3488 detrooho
273 3424 383 3488 statim
420 3423 557 3489 alterum
588 3424 684 3506 parit,

94 3526 208 3603 posteo
222 3522 316 3588 floret
329 3527 567 3609 paranetarum,
584 3520 683 3587 hiemo

94 3620 180 3687 fetus
203 3620 269 3688 eius
291 3620 463 3687 nutrient.

93 4044 295 4057 -——-——

703 310 740 370 13

740 488 799 548 τοῦ
820 486 991 566 στελέχους
1011 489 1065 552 καὶ
1088 489 1123 553 ἐκ
1140 493 1206 554 τῶν
1220 515 1324 574 παχυ-

736 584 846 647 τάτων
885 585 1097 669 οἷκρεμόνων,
1140 591 1228 675 πλήν
1272 590 1324 657 ὅτι

735 683 882 764 βλαστόν
927 709 1002 750 τινα
1043 689 1162 772 οἷφίησι
1207 694 1323 773 μικρόν

735 780 899 866 ἄφυλλον,
932 783 1046 868 ὥσπερ
1075 789 1189 870 ῥιζίον,
1220 792 1323 872 προς

735 870 831 965 οἶγε
859 884 1066 968 ὁκαρπός.
1113 889 1159 951 Τό
1186 888 1224 951 δὲ
1249 899 1321 954 στέ-

735 982 826 1063 λεχος
862 992 945 1065 μέγα
980 986 1033 1048 καὶ
1068 985 1251 1069 παρόμοιον
1281 993 1323 1073 τῇ

728 1081 848 1167 λεύκῃ,
886 1083 1011 1168 φύλλον
1049 1085 1087 1147 δὲ
1119 1088 1160 1170 τῇ
1191 1089 1321 1173 πτελέᾳ.

737 1186 899 1245 Πεπαίνει
927 1182 965 1245 δὲ
994 1190 1150 1266 τέτταρας
1178 1186 1323 1267 καρπούς

663 1329 664 1333 ,
736 1276 877 1361 ὅσαιπερ
905 1280 1008 1346 αὐτοῦ
1035 1283 1089 1346 καὶ
1117 1282 1154 1347 αἱ
1178 1285 1322 1371 βλαστή-

736 1398 809 1454 σεις·
853 1380 975 1445 ου’δένα
1009 1382 1048 1445 δὲ
1082 1388 1240 1448 πεπαίνει
1274 1388 1320 1469 μή

733 1481 974 1563 ἐπιτμηθέντος
1013 1483 1074 1544 τοῦ
1115 1482 1222 1565 ε’ρινοῦ
1264 1484 1319 1547 καὶ

733 1580 898 1663 ἐκρυέντος
914 1583 974 1647 τοῦ
991 1581 1085 1646 ὀποῦ.
1111 1581 1152 1644 ‘H
1171 1580 1216 1645 dd
1235 1582 1319 1662 γλυ-

733 1679 847 1764 κύτης
860 1680 1138 1765 προσεμφερὴς
1152 1684 1205 1764 τῷ
1220 1682 1321 1765 ον’κῳ

733 1780 796 1843 καὶ
821 1780 867 1842 τοὶ
891 1781 1042 1844 ἔσωθεν
1063 1785 1144 1855 τοῖς
1166 1783 1321 1864 ἐρινοῖς·

733 1883 873 1961 μέγεθος
903 1879 1013 1966 ἡλίκον
1048 1880 1320 1983 κοκκύμμλον.

736 2028 781 2109 (4)
815 2025 926 2110 Ταύτῃ
956 2028 994 2091 δὲ
1022 2033 1242 2116 παραπλησία
1266 2035 1320 2097 καὶ

735 2125 777 2211 ἣν
802 2125 832 2188 οἱ
845 2122 952 2200 Ἴωνες
976 2134 1134 2211 κερωνίαν
1154 2132 1320 2197 καλοῦσιν·

736 2227 772 2288 ἐκ
800 2228 859 2288 τοῦ
888 2226 1057 2307 στελέχους
1078 2231 1138 2314 poio
1160 2232 1214 2294 καὶ
1236 2230 1322 2316 αὕτη

738 2333 828 2408 φέρει
843 2326 903 2388 τὸν
918 2327 1077 2391 πλεῖστον
1091 2331 1221 2413 καρπόν
1237 2330 1260 2393 o'
1268 2331 1321 2394 πό

737 2424 783 2488 δὲ
811 2427 891 2488 τοῖν
914 2424 1159 2508 οἷκρεμόνων
1180 2425 1321 2510 ὥσπερ

737 2523 914 2605 εἴπομεν
931 2523 1082 2606 ὀλίγον.
1105 2525 1322 2609 Ὁδὲκαρπός

736 2622 866 2705 ἔλλοβος
888 2619 927 2686 ὅν
948 2625 1091 2689 καλοῦσι’
1106 2649 1190 2701 τινες
1200 2626 1321 2708 Ar'yo'rr·

734 2744 805 2786 τιον
834 2725 937 2787 σῦκον
964 2723 1226 2808 διημαρτηκότες.
1271 2725 1321 2792 Ου’

733 2826 855 2902 γίνεται
874 2822 937 2903 γοῖρ
959 2817 1039 2895 ὅλως
1057 2824 1134 2904 περὶ
1154 2824 1319 2906 Αἴγυπτον

732 2920 803 2984 ἄλλ’
823 2922 859 2984 ε’ν
879 2926 982 3005 Συρίᾳ
1008 2921 1063 2984 καὶ
1092 2922 1127 2984 ἐν
1148 2922 1253 3008 Ἰωνίᾳ
1280 2925 1319 2988 δὲ

732 3021 786 3083 καὶ
829 3021 905 3103 περὶ
944 3020 1066 3083 Κνίδον
1108 3023 1162 3086 καὶ
1201 3023 1317 3088 Ρόδον.

731 3118 915 3201 Ἀείφυλλον
944 3117 982 3180 δὲ
1010 3119 1064 3181 καὶ
1086 3115 1192 3194 ἄνθος
1213 3122 1318 3185 ἔκλευ-

732 3241 789 3280 κον
813 3220 887 3297 ἔχον
908 3222 966 3280 καί
984 3241 1015 3280 τι
1035 3217 1233 3301 βαρύτητος,
1265 3221 1318 3306 μή

731 3319 985 3398 μετεωρίζου
1006 3316 1242 3400 δὲ’σφόδρα
1263 3319 1318 3383 καὶ

734 3410 816 3487 ὅλως
836 3414 872 3476 ἐκ
892 3417 959 3477 τῶν
979 3414 1068 3478 κατω
1085 3417 1318 3501 παραβλαστη·

731 3514 821 3576 τικόν
850 3510 985 3578 ἄνωθεν
1008 3514 1318 3600 ιῗποξηραινόμενον.

723 3609 832 3693 Ἔχει
859 3614 905 3676 δὲ
929 3610 1015 3694 ἅμα
1037 3615 1106 3677 καὶ
1128 3615 1199 3677 τόν
1223 3618 1318 3679 ἔνου

730 3711 798 3774 καὶ
820 3713 892 3776 τὸν
913 3721 1000 3775 νέον
1020 3715 1183 3795 καρπόν·
1220 3714 1318 3796 dpat-

731 3819 889 3895 ρουμένρυ
933 3813 995 3893 γαρ
1041 3817 1186 3894 θατέρου
1232 3812 1317 3893 μετά

729 3907 813 3972 κύνα
842 3910 897 3972 καὶ
918 3910 937 3974 o‘
956 3912 1062 3994 ἔτερος
1090 3912 1196 3986 oddag
1219 3936 1317 3995 φανε-

173 4131 199 4199 l)
221 4129 263 4185 ita
286 4130 361 4184 reete
379 4128 538 4184 emendarit
557 4126 722 4197 Maphoffius
740 4143 755 4181 e
775 4126 973 4199 Theophrasto,
991 4125 1110 4181 codices:
1128 4127 1285 4184 florerem.
