2962 4696
704 295 744 355 59

117 476 248 543 Radix
275 477 363 546 eins
393 479 508 560 napis
533 475 703 541 modicis

118 576 269 642 similis
319 583 381 642 est
435 594 563 658 neque
621 573 703 638 alia

119 679 375 742 numerosior
415 675 546 741 LXXX
586 671 703 739 simul

120 781 264 840 ecerat
250 775 305 839 tis
333 793 451 857 saepe
479 773 627 839 bulbis.

120 880 451 962 Theophrastus
513 887 554 946 et
614 880 705 944 lere
753 876 799 939 Ex
822 873 912 938 rllrs
904 891 935 936 rn
951 869 1167 952 Theophrasto
1184 866 1334 933 nrhrlnrsr

120 980 267 1047 Graeci
314 983 588 1064 princepsque
630 979 705 1060 Py·
752 971 986 1053 haec(§2l.
1003 965 1345 1051 ,μέγιστονδὲπαίν-χ

121 1083 320 1162 thagoras
339 1081 481 1146 caulem
500 1081 582 1144 eius
603 1077 705 1143 cubi·
752 1094 817 1133 των
838 1068 1032 1151 ἀσφόδελος·
1077 1066 1177 1148 ὄνᾶρ
1205 1065 1335 1145 α’ῑθέρι·

121 1181 243 1245 talem
266 1187 305 1245 et
324 1197 445 1261 saepe
467 1181 573 1245 duum
594 1177 705 1244 eubi—
753 1193 806 1243 κος
826 1176 984 1250 μέγιστος·

121 1279 479 1360 torumioliisporri
495 1277 705 1356 silvestris,

122 1379 373 1444 anthericum
400 1394 618 1457 vocavere,
641 1395 707 1441 ra-

123 1478 373 1557 dicentem,
401 1476 439 1542 id
461 1481 526 1542 est
545 1475 706 1560 bulbos,

123 1575 397 1659 asphodelum.

207 1707 324 1773 Plinius
339 1707 472 1788 speciem
493 1724 569 1787 prae
593 1725 627 1772 se
648 1707 711 1773 lert
727 1709 817 1790 quasi
837 1708 953 1773 multos
967 1707 1103 1772 Graecos
1126 1712 1270 1770 auctores
1284 1723 1336 1769 ex·

124 1814 265 1879 eusserit.
305 1814 349 1876 At
370 1820 402 1876 et
423 1812 579 1878 Hesiodus
609 1813 672 1877 iam
699 1833 719 1877 a
741 1814 955 1896 Theophrasto
981 1813 1129 1877 laudatus
1160 1818 1209 1876 est
1237 1817 1269 1875 et
1299 1827 1337 1874 ne

125 1937 195 1983 eum
224 1918 394 1999 quideme
423 1924 531 1983 nostro
562 1919 735 2000 inspectum
763 1938 833 1985 esse
858 1938 948 1984 nemo
978 1937 1038 1982 non
1060 1918 1163 1996 videt,
1192 1935 1259 1982 com
1289 1934 1338 1998 ea,

125 2041 205 2105 quae
234 2022 451 2105 Theophrasto
484 2024 721 2106 attribuuntur,
748 2025 780 2089 in
810 2025 862 2090 illo
889 2044 950 2091 non
981 2025 1125 2102 legantur
1154 2040 1254 2103 neque
1280 2021 1339 2086 hoc

126 2147 224 2210 neque
245 2129 308 2193 alio
328 2128 404 2193 loco.
450 2129 568 2194 Contra
596 2134 704 2195 noster
725 2132 882 2211 permulta
903 2108 1057 2210 neglexit
1070 2134 1102 2192 et
1130 2128 1179 2192 hie
1207 2133 1240 2192 et
1262 2126 1338 2191 alibi

125 2234 165 2298 ab
194 2233 246 2298 illo
278 2236 426 2315 exposita.
478 2235 608 2300 Planum
637 2242 686 2300 est
716 2241 826 2301 cuncta
862 2234 939 2301 haec
967 2254 1038 2300 eum
1074 2237 1134 2299 iarn
1164 2233 1339 2314 repperisse
1440 2304 1446 2319 „

127 2340 290 2405 coniuncta
316 2340 398 2422 apud
427 2346 589 2406 auctorem
619 2340 754 2423 aliquem
781 2347 876 2423 atque
905 2347 961 2406 aut
989 2343 1051 2406 iam
1079 2341 1120 2405 ab
1147 2341 1207 2404 isto
1236 2339 1338 2403 minus

127 2452 210 2510 recte
242 2462 374 2512 excussa
396 2447 444 2511 vel
474 2447 558 2511 ultro
585 2453 773 2513 commutata
794 2447 947 2530 aliterque
968 2447 1124 2529 explicata
1153 2453 1210 2509 aut
1238 2445 1339 2525 ipsum

127 2569 177 2616 res
198 2551 237 2615 ab
265 2551 318 2616 illo
345 2552 487 2633 prolatas
516 2570 663 2634 perverse
690 2554 931 2634 interpretatum
960 2552 1138 2618 confudisse
1167 2558 1200 2614 et
1229 2550 1339 2631 depra-

128 2674 226 2720 rasse
268 2657 326 2721 Hic
345 2675 420 2738 ergo
442 2658 527 2722 locus
550 2665 710 2723 auctorem
733 2658 872 2723 medium
892 2658 1061 2723 desiderat

208 2763 267 2843 lis,
296 2781 376 2842 qnae
397 2763 488 2844 XlX,
511 2767 568 2827 lea
595 2764 635 2827 de
665 2763 862 2845 hipposelino
885 2782 923 2828 ex
944 2752 1160 2843 Theophrasto
1142 2733 1341 2839 oderantur,

128 2874 265 2935 testatur
297 2867 393 2932 verba
425 2868 507 2933 illins
534 2885 554 2933 a
586 2867 688 2934 Plinio
724 2886 837 2949 reapse
874 2886 935 2933 non
964 2885 1034 2935 esse
1069 2868 1220 2948 inspecta
1267 2864 1340 2930 Non

128 2974 226 3055 enim,
261 2979 295 3039 nt
321 2973 370 3038 hic
392 2972 475 3054 vult,
507 2973 743 3055 Theophrastus
771 2979 881 3039 auctor
906 2979 956 3038 est
981 2972 1209 3055 hipposelinum
1235 2987 1341 3035 murra

130 3086 200 3144 sata
222 3080 327 3160 nasci,
358 3079 413 3144 sed
437 3080 488 3145 ille
510 3081 553 3143 lta
577 3079 652 3145 dicit
672 3080 740 3159 (IX,
762 3080 853 3161 1‚4):
886 3081 933 3143 Τό
954 3083 1016 3162 μὲν
1038 3068 1096 3143 οὖν
1125 3075 1341 3141 ὶπποσελίνου

129 3184 311 3268 παρόμοιον
341 3190 382 3269 τῇ
411 3185 549 3269 σμύρνῃ.
605 3191 672 3250 Καί
695 3209 779 3259 τινες
811 3183 1025 3265 ἀκούσαντες,
1060 3185 1104 3258 ὥς
1133 3186 1293 3247 erechtheo
1319 3181 1341 3266 ἡ

130 3289 269 3372 σμύρνα,
291 3290 442 3375 ἡγοῦνται
461 3291 661 3374 βλαστάνειν
682 3293 719 3367 ἐξ
740 3291 840 3375 αὐτῆς
862 3290 1085 3355 innominata

211 3399 243 3463 Is
265 3417 386 3480 quoque
407 3398 507 3478 locus,
537 3399 585 3464 cui
606 3398 808 3480 complurium
830 3402 979 3463 enarrata
1002 3399 1111 3462 insunt
1137 3433 1177 3441 —
1206 3394 1243 3458 cf.
1263 3393 1341 3474 thip-

131 3505 301 3584 poselinum
325 3504 437 3570 Graeci
459 3510 586 3587 vocant,
608 3504 661 3568 alii
681 3504 863 3585 zmyrnimn‘
884 3539 922 3551 -
945 3503 1139 3570 intemnntio
1161 3501 1299 3565 debetur.

211 3609 293 3674 Miro
312 3611 443 3691 quodam
462 3610 556 3675 modo
573 3610 622 3676 hic
634 3610 675 3674 ah
692 3610 911 3691 Theophrasto
931 3608 1078 3674 dissentit
1093 3607 1177 3687 Vlll,
1195 3608 1263 3684 128,
1285 3621 1342 3669 nec

132 3714 301 3796 dispicitur,
314 3716 464 3797 quomodo
477 3715 689 3799 discrepantia
700 3720 771 3780 orta
782 3715 869 3797 sit²);
883 3721 957 3780 sunt
969 3714 1064 3780 verba
1075 3712 1239 3792 utriusque
1251 3711 1342 3775 haec:

201 3912 227 3978 1)
245 3911 324 3966 Hanc
351 3909 564 3980 discrepantiam
589 3909 643 3980 ΑΙ]
669 3911 699 3979 (l.
718 3909 762 3980 l),
788 3911 821 3963 ut
845 3909 916 3972 fere,
941 3925 995 3962 non
1020 3908 1107 3962 curat.
1149 3904 1209 3970 Qua
1233 3919 1263 3957 re
1287 3918 1342 3957 non

132 3995 230 4062 miror,
254 3997 328 4064 qnod
351 3994 409 4050 eins
432 3996 607 4064 quaestiones
631 3996 785 4053 averitate
810 3994 984 4065 aliquantum
1009 3992 1154 4058 aberrant,
1180 3987 1343 4060 gravissima

132 4099 161 4137 re
179 4099 288 4154 prorsus
305 4082 443 4154 neglecta.
