2962 4696
761 261 800 320 58

251 433 347 498 Plura
370 433 419 498 hio
442 432 495 498 illo
517 433 614 499 habet
636 432 722 511 XXI,
744 437 800 499 108
822 433 862 498 de
884 432 1073 513 asphodelo:

171 651 303 719 Ceterae
343 654 480 720 eiusdem
521 656 645 737 generis
681 653 752 719 lolio

171 750 335 829 dillernnt;
372 752 559 833 asphodelus
585 753 751 833 oblongum

170 857 202 914 et
223 859 392 930 angustum
415 852 520 934 habat,
543 852 631 917 scilla
652 852 751 917 latum

171 957 203 1014 et
239 951 421 1031 tractabile,
460 951 617 1034 gladiolus
654 950 752 1015 simile

170 1049 296 1113 nomini.

172 2478 368 2558 Asphodelus
395 2476 558 2542 manditur
579 2482 611 2541 et
637 2477 754 2542 semina

143 2582 256 2641 'tosto
295 2583 328 2641 et
358 2574 467 2654 bulbo,
503 2575 571 2640 sed
608 2574 679 2640 hoo
714 2576 753 2640 in

172 2675 311 2740 cinere
344 2680 445 2755 tosto,
482 2673 573 2739 dein
601 2675 687 2739 sala
715 2680 755 2739 at

172 2773 259 2838 oleo
289 2773 433 2839 addito
463 2778 629 2854 praeterea
660 2779 754 2839 tunso

173 2890 240 2937 cum
257 2872 323 2937 fiais
341 2907 382 2917 -
399 2873 566 2953 praecipua
583 2871 753 2953 voluptate,

173 2976 208 3035 ut
230 2970 354 3035 videtur
376 2969 513 3035 Hesiodo
525 2971 559 3051 ¹).

173 3601 239 3646 am.

172 3686 402 3768 Asphodeli
437 3687 679 3753 mentionem
717 3693 756 3752 ot

172 3787 367 3851 Homerus
390 3785 535 3865 fenita.

242 3983 267 4048 l)
287 3981 326 4036 Cf.
346 3980 456 4035 Hesiod.
475 3985 527 4051 loy.
545 4003 567 4033 κ.
586 3982 630 4047 ἢν.
650 3981 760 4035 40-4Ι.

241 4069 267 4136 ο)
288 4067 327 4120 m.
346 4067 438 4138 onyas.
457 4068 471 4118 ι
487 4068 546 4135 aas,
566 4089 585 4122 ω
601 4067 641 4123 13.

902 548 1070 631 ·Theophr
1091 548 1161 627 VII,
1182 553 1271 628 13,1.

802 655 833 738 (ἓ
852 655 879 736 l)
908 656 993 719 notui
1024 655 1062 717 dd
1089 655 1132 717 τιὲ
1161 653 1271 737 φύλλα
1296 658 1388 727 τοῖς

801 776 844 815 τε
893 758 1124 834 μεγέθεσιν
1180 753 1249 816 καὶ
1299 755 1388 825 τοῖς

802 852 1024 936 σχήμασιν.
1064 851 1096 915 ‘0
1117 855 1179 937 μὲν
1200 849 1389 934 ἀσφόδελος

800 952 925 1032 μακρόν
973 951 1028 1015 καὶ
1077 949 1271 1032 στενότερον
1323 950 1387 1012 καὶ

801 1048 1079 1131 ὑπόγλισχρον
1104 1051 1170 1128 ἔχει
1190 1050 1229 1111 το“
1253 1047 1387 1133 φύλλον,

800 1148 821 1232 ἦ
843 1149 882 1211 δὲ
903 1149 1018 1212 σκίλλα
1042 1148 1152 1212 πλατιλ
1180 1148 1234 1211 καὶ
1263 1148 1389 1212 εὐδιαί-

801 1269 905 1328 τερον,
923 1248 962 1309 τὰ
974 1246 1012 1309 dd
1023 1247 1195 1331 φάσγανον
1208 1245 1277 1310 ὑπό
1290 1270 1388 1310 τινων

796 1344 840 1408 ’δὲ
869 1345 1070 1427 καλούμενον
1099 1349 1192 1428 ξίφος
1218 1345 1388 1428 ξιφοειδὲς,

801 1441 886 1508 ὅθεν
911 1446 990 1524 ἔσχε
1017 1445 1072 1507 καὶ
1100 1439 1262 1525 τοῦνομα,
1293 1444 1312 1528 ἡ
1343 1445 1388 1509 δὲ

802 1534 880 1624 ἶρις
906 1542 1284 1625 καλαμωδέστερον.
1331 1543 1387 1606 Τό

800 1641 845 1704 dd
873 1643 946 1709 τοῦ
970 1637 1073 1742 {ll-ov
1094 1643 1196 1724 πρός
1221 1645 1269 1727 τῇ
1292 1642 1388 1707 πλα-

802 1755 946 1841 τύτητι
989 1759 1057 1821 καὶ
1096 1757 1279 1838 ἔγκοιλον
1317 1759 1388 1821 καὶ

803 1856 997 1930 sexonidas
1026 1856 1150 1920 ἐστιν·
1194 1855 1389 1938 ὁδὲνοίρ-

800 1971 945 2027 κισσος
988 1956 1135 2018 στενόν
1176 1955 1240 2017 καὶ
1282 1954 1389 2018 πολι)

800 2053 866 2115 καὶ
909 2053 1094 2135 λιπαρόν·
1155 2052 1304 2136 βόλβος
1344 2055 1389 2119 dd

801 2152 868 2215 καὶ
889 2153 938 2214 τοὶ
962 2151 1154 2235 βολβώδη
1174 2152 1389 2226 παντελῶς

802 2251 924 2315 στενιὶ
945 2251 1011 2314 καὶ
1032 2254 1105 2315 τοῦ
1125 2250 1268 2333 κρόκον
1287 2252 1316 2314 δ’
1328 2254 1389 2315 ἔτι

802 2349 1143 2431 στενότερον...

802 2475 835 2556 (ἕ
852 2475 884 2554 3)
915 2522 925 2540 .,
946 2524 953 2538 .
977 2520 984 2535 .
1008 2472 1115 2536 πολλοὶ
1136 2473 1174 2535 dd
1195 2471 1240 2546 εἰς
1261 2474 1389 2561 τροφήν

803 2579 982 2652 παρέχεται
1012 2569 1165 2655 χρήσιμα·
1207 2571 1277 2634 καὶ
1312 2573 1389 2655 γάρ

804 2671 1061 2750 ὁᾶνθέρικος
1081 2669 1280 2752 ἐδώδιμος
1301 2690 1390 2735 στα-

803 2767 1032 2849 θεοόμενος
1073 2769 1127 2831 καὶ
1170 2770 1209 2831 ad
1253 2776 1390 2850 σπέρμα

804 2866 1008 2952 φρογόμενον
1044 2867 1099 2929 καὶ
1136 2865 1303 2930 πάντων
1340 2867 1363 2929 d
1372 2872 1390 2931 ὲ

801 2966 980 3049 μάλιστα
1027 2965 1066 3051 ἦ,
1087 2966 1158 3047 ῥίζα
1200 2972 1390 3049 κοπτομένη

801 3064 888 3145 μετα
904 3062 1014 3144 σύκου,
1029 3064 1084 3127 καὶ
1098 3065 1258 3147 πλείστην
1271 3061 1391 3147 ὄνησιν

802 3165 869 3243 ἔχει
888 3168 967 3227 καθ’
983 3164 1135 3228 Ἡσίοδον
1148 3165 1181 3245 ¹).

173 3285 362 3350 Tradunt
401 3290 441 3349 et
479 3291 574 3350 ante
612 3292 755 3365 portas
858 3340 861 3343 .

173 3385 367 3449 villarum
407 3389 537 3449 satum
581 3385 755 3450 remedio

173 3490 318 3548 eontra
340 3482 632 3547 veneficiorum
655 3484 756 3547 noxi·
