2962 4696
125 1614 167 1682 g.
214 1600 316 1663 Arbor
346 1600 414 1680 ipse
450 1598 591 1662 omuibus
627 1595 710 1659 horis

124 1698 273 1778 pomifera
314 1704 363 1762 est
405 1698 475 1761 aliis
516 1694 708 1771 cadentibus

124 1797 195 1860 aliis
220 1796 516 1876 uraturesceutibus‚
543 1794 612 1858 aliis
635 1810 709 1856 vero

126 1895 398 1961 subnascentibus.
442 1895 710 1976 Temptavere

125 2002 271 2074 gentes
293 1994 527 2060 transferre
553 1993 600 2058 ad
622 2009 709 2056 sese

124 2102 296 2175 prepter
324 2093 482 2158 remedii
512 2097 710 2175 praestan-

126 2195 215 2258 tiam
245 2194 288 2259 Ιι.
304 2194 452 2258 fictilibus
468 2195 498 2256 in
516 2194 614 2268 vasis,
636 2192 710 2254 dato

126 2291 710 2374 percavemasradicibusspiramenm,

126 2391 310 2470 qualiter
333 2392 465 2454 emnia
484 2387 709 2452 transituri

127 2490 290 2567 longius
351 2488 432 2553 seri
490 2485 711 2567 aptissime

126 2587 438 2668 transferrique
479 2585 711 2651 meminisse

125 2686 364 2764 conveniet,
386 2692 429 2749 ut
452 2682 573 2748 semel
596 2701 712 2763 quae·

26 2789 30 2800 “
126 2802 194 2864 que
212 2783 400 2848 dicantur.
428 2797 469 2848 ιι.
485 2781 545 2846 Sed
557 2781 710 2862 nisiapud

128 2882 238 2947 Medus
257 2888 290 2947 et
307 2884 338 2946 in
353 2881 481 2946 Perside
501 2881 585 2944 nasci
603 2880 711 2944 noluit.

127 2979 159 3047 f.
193 2981 278 3046 Haec
307 2989 356 3044 est
383 2981 470 3046 euius
498 2997 600 3059 grana
620 2979 711 3042 Par·

128 3081 286 3145 thorum
320 3097 516 3162 proceres
546 3078 712 3157 inmquere

126 3170 261 3244 diximus
298 3178 527 3243 esculentis
556 3195 711 3241 commen-

127 3290 221 3354 uanu
253 3260 524 3370 ιιιλῐιῖιιῐῑ
561 3304 603 3356 a.
633 3289 711 3394 u-ec

127 3399 210 3463 alia
259 3401 380 3464 arbor
431 3399 627 3463 inuitatur
671 3403 709 3464 in

127 3510 275 3612 Q

715 297 756 358 28

755 470 794 534 δὲ
829 466 900 542 οίας
936 465 1036 544 ἄπιος
1074 464 1097 554 ἢ
1131 467 1339 545 ὀξυάκανθος

754 571 844 642 λείας
864 569 902 632 δὲ
923 569 978 632 καὶ
1000 569 1111 645 ὀξείας
1130 568 1264 651 σφόδρα
1286 567 1340 631 καί

755 668 900 749 ἰσχυράς·
943 667 985 735 (Ι.
1020 669 1059 732 το*
1088 668 1127 730 δὲ
1152 668 1257 753 μῆλον
1284 666 1343 731 οιίκ

756 769 910 833 ἐσθίεται
929 772 1001 849 μὲν,
1024 762 1168 848 εὔοσμον
1190 767 1229 829 δὲ
1251 766 1342 829 πάνυ

755 867 809 929 καὶ
825 868 865 930 κδ
883 858 1007 949 φύλλον
1021 867 1081 930 auu*i
1096 865 1244 946 δένδρου·
1280 863 1344 929 κᾶν

756 967 801 1040 είς
816 966 930 1047 ἱμάτια
947 969 1034 1048 τεθῇ
1051 966 1090 1028 ao*
1108 965 1213 1050 μῆλον
1228 959 1345 1028 δι’κοπα

755 1065 911 1148 διατηρεῖ.
960 1080 997 1131 θ.
1019 1063 1194 1150 Χρήσιμον
1214 1063 1244 1125 δ’
1256 1064 1344 1126 ἐπει·

755 1164 820 1228 δοὶν
834 1164 916 1247 τείχη
930 1187 976 1238 τις
991 1163 1153 1236 πεπωκιδς
1167 1161 1345 1244 φάρμακον

757 1264 960 1346 θανάσιμον·
1003 1263 1109 1327 δοθὲν
1128 1263 1190 1345 γδρ
1210 1264 1247 1325 ἐν
1269 1262 1345 1345 οἴνῳ

757 1362 928 1427 διακόπτει
957 1362 1019 1446 την
1056 1362 1179 1426 κοιλίαι·
1209 1361 1265 1424 καὶ
1296 1362 1345 1437 ε’ξ·

757 1463 828 1544 οίγει
849 1463 888 1524 τδ
911 1461 1095 1544 φάρμακον.

759 1590 790 1658 f·
819 1592 883 1656 Καὶ
904 1592 988 1673 πρὸς
1007 1590 1172 1673 στόματος
1191 1589 1344 1654 εὐωδίαν·

759 1692 819 1754 εἰίν
837 1689 898 1774 γάρ
919 1715 966 1765 τις
986 1689 1098 1778 ἑψήσῃ
1106 1691 1304 1789 Q
1324 1711 1345 1775 η

759 1801 803 1862 ἐν
832 1798 939 1881 ἄλλῳ
968 1802 1048 1863 τινὶ
1074 1802 1113 1864 τδ
1135 1802 1268 1863 ἔσωθεν
1286 1799 1344 1862 τοῦ

758 1898 863 1984 μήλου
882 1900 1017 1982 ἐκπιέσῃ
1035 1897 1079 1972 εἰς
1100 1899 1138 1961 τό
1159 1898 1270 1979 στόμα
1289 1898 1344 1960 καὶ

757 1996 986 2082 καταροηήσῃ,
1021 2001 1113 2060 ποιεῖ
1143 1997 1203 2082 την
1233 1996 1345 2082 ὀσμήν

759 2095 884 2182 ἡδεῖαν.
936 2100 1157 2177 Σπείρεται
1191 2096 1236 2158 δὲ
1274 2099 1345 2159 τοῦ

758 2185 844 2283 ἦρος
868 2195 920 2270 εἰς
941 2196 1122 2278 πρασιοὶς
1143 2181 1358 2276 ἐξαιρεθὲν

759 2297 803 2358 ιδ
833 2305 995 2378 σπέρμα
1023 2296 1345 2376 διειργασμένας

760 2395 978 2476 ἐπιμελῶς,
1006 2386 1098 2456 εἶτα
1120 2390 1347 2473 οἷρδειίεται

760 2494 828 2556 διδ
862 2494 1058 2576 τετάρτης
1092 2489 1115 2577 ἤ·
1152 2499 1348 2574 πέμπτης

759 2590 919 2678 ἡμέρας·
964 2590 1063 2656 ὅταν
1088 2593 1133 2654 δὲ
1157 2591 1288 2673 ἀδρδν
1315 2581 1346 2676 ᾖ,

760 2692 1060 2774 διαφυτεύεται
1105 2688 1234 2753 πάλιν
1274 2696 1346 2755 τοῦ

761 2793 877 2873 ἔαρος
906 2789 963 2863 εἰς
985 2795 1135 2873 χωρίον·
1157 2789 1347 2870 μαλακόν

760 2890 827 2951 καὶ
858 2889 1034 2972 ἔφυδρον
1065 2889 1132 2951 καὶ
1170 2889 1347 2971 οδλίαν

760 2988 922 3052 λεπτόν·
966 2988 1080 3071 φιλεῖ
1098 2989 1170 3069 γοὲρ
1197 2989 1247 3050 τοὶ
1270 3012 1347 3053 τοι·

760 3088 872 3151 αὕτα.
922 3104 964 3172 g.
999 3093 1095 3168 Φέρει
1123 3089 1161 3151 δὲ
1188 3089 1232 3150 τοὶ
1257 3089 1348 3174 μῆλα

760 3191 878 3251 πᾶσαν
899 3185 995 3269 ὥραν·
1038 3191 1080 3252 τοὶ
1108 3195 1170 3271 μὲν
1196 3192 1257 3273 γοὶρ
1280 3192 1347 3274 οἶφ-

758 3287 889 3374 ιη’ρηται,
911 3292 953 3353 τοὶ
975 3290 1013 3354 δὲ
1034 3290 1149 3371 οἷνθεῐ,
1170 3293 1214 3354 τοὶ
1236 3293 1275 3354 δὲ
1297 3294 1347 3355 ε’κ-

760 3401 882 3457 πέττει.
929 3393 1348 3460 Τῶνδὲοῖνθῶνὸσα

761 3494 896 3576 ὥσπερ
935 3496 1108 3574 εἴπομεν
1138 3498 1221 3575 ἔχει
1250 3502 1347 3560 καθ-

759 3598 866 3681 άπερ
895 3596 1105 3683 ἠλακάτην
1141 3597 1181 3659 ἐκ
1217 3604 1347 3676 με’σου

758 3700 828 3763 τιν’
847 3699 1073 3776 ἐξέχουσαν
1099 3696 1229 3760 ταῦτα
1257 3695 1373 3760 ἐστι’

758 3798 920 3879 γόνιμα,
950 3793 1028 3860 ὅσα
1055 3795 1099 3858 δὲ
1126 3795 1178 3879 μή
1207 3791 1347 3876 δίγονα.

758 3902 986 3978 Σπείρεται
1026 3895 1069 3957 δὲ
1104 3895 1174 3956 καὶ
1217 3895 1261 3960 ΙΙ.
1302 3895 1348 3969 εἰς

760 3991 907 4076 ὄστρακα
943 3996 1179 4078 διατετρημένα
1219 3994 1358 4057 καθιεῖ·
