2962 4696
568 258 724 366 xar

95 483 215 544 temere
240 485 274 545 et
301 480 383 544 omni
406 479 518 544 iudicio
544 479 670 560 proprio
691 477 831 559 deposito
857 483 999 544 secutum
1022 496 1089 544 esse
1119 481 1151 557 in
1181 485 1316 545 mentem

94 604 156 650 non
176 587 304 651 veniat?

181 692 243 758 Sed
266 690 420 756 dubitatio
443 689 539 754 multo
563 691 668 770 maior,
687 708 781 770 quam
805 689 843 755 de
863 690 910 755 his
930 692 1070 771 omissis,
1094 697 1143 756 est
1164 691 1202 756 de
1224 691 1317 757 rebus

95 799 212 863 additis
240 817 271 861 a.
287 803 395 861 nostro
416 797 499 878 ipso,
526 796 607 876 quae
631 795 716 860 illum
737 795 893 861 deficiunt.
937 797 985 860 Ea
1006 798 1085 861 enim
1116 798 1156 862 ad
1179 799 1316 863 studium
1382 834 1388 842 ‚

95 906 277 986 brevitatis,
301 923 383 988 quae
407 903 571 968 omittendi
594 921 800 984 sepenumero
823 921 919 968 causa
941 903 1013 984 tuit,
1035 904 1138 968 minos
1159 904 1317 984 quadrare

95 1011 254 1076 videntur.
298 1011 362 1075 Nec
384 1011 467 1075 unde
491 1011 640 1090 originem
664 1010 804 1090 ceperint
824 1014 968 1090 apertum
989 1015 1049 1075 est.
1091 1010 1203 1091 Opinio
1225 1010 1317 1091 enim,

65 1135 160 1204 ¹quo
188 1136 226 1181 ea
254 1136 293 1182 ex
319 1117 381 1182 alio
410 1122 539 1181 auctore
567 1118 689 1206 inserta
716 1133 785 1180 csse
813 1116 1051 1198 existimentur,
1082 1121 1151 1181 tota
1180 1117 1316 1199 ipsorum

94 1231 216 1288 natura
244 1242 280 1287 ac
308 1242 423 1304 genere
453 1228 595 1303 vetatur,
625 1240 726 1303 neque
755 1222 837 1287 hunc
864 1222 1064 1287 durissimum
1087 1221 1225 1287 laborem
1247 1240 1317 1304 per·

93 1335 230 1411 potuum
252 1337 392 1394 nostrum
408 1331 508 1409 ipsum
527 1328 658 1407 subisse,
681 1334 716 1393 ut
730 1328 896 1409 crederem,
918 1328 992 1392 mihi
1014 1329 1203 1410 persuadere
1217 1328 1316 1410 potui.

92 1435 164 1501 Nec
194 1436 410 1500 consuetudini
439 1437 505 1500 eius
535 1435 706 1516 respondet
732 1434 938 1516 complurium
970 1441 1134 1500 auctorum
1167 1441 1316 1501 enarrata

94 1543 286 1622 coniungere
310 1542 425 1606 nullius
445 1541 568 1606 nomine
587 1542 743 1622 apposito,
764 1541 818 1605 sed
840 1541 894 1605 uhi
915 1540 949 1605 id
971 1540 1089 1606 facturn
1110 1547 1169 1623 est,
1192 1542 1317 1607 nomina

94 1653 265 1712 anctorum
285 1648 325 1711 ab
347 1666 384 1712 eo
408 1647 529 1712 laudari
555 1665 623 1711 cum
652 1646 700 1711 his
730 1646 818 1711 libris
845 1653 913 1712 tum
943 1666 998 1728 per
1018 1653 1119 1712 totam
1140 1647 1317 1713 naturalem

91 1754 262 1818 historiam
279 1754 355 1819 satis
372 1754 572 1834 perspicitur.
615 1753 710 1817 Nulla
730 1754 903 1834 cupiditate
921 1755 1019 1833 magis
1038 1755 1197 1820 incensum
1219 1754 1316 1819 tuisse
1440 1748 1443 1753 ’

94 1867 241 1925 nostrum
265 1879 359 1943 quam
383 1859 537 1939 gloriandi
561 1860 742 1925 auctoribus
764 1878 857 1941 quam
879 1860 1024 1940 plurimis
1043 1860 1193 1926 adhibitis
1212 1878 1313 1942 nemo,

95 1968 154 2050 qui
182 1966 357 2030 naturalem
386 1966 548 2030 historiam
574 1967 725 2047 perlegit,
755 1967 864 2031 nescit.
916 1967 957 2030 Et
987 1967 1018 2031 id
1046 1966 1184 2031 studium
1215 1967 1314 2031 multo

93 2072 201 2152 magis
225 2073 362 2153 pertinet
389 2071 428 2135 ad
460 2090 511 2137 res
541 2090 609 2150 eas,
641 2072 754 2152 quibus
783 2070 934 2138 abhorret
964 2073 1228 2154 aTheophrasto.
1278 2072 1314 2137 ln

93 2178 183 2243 omni
205 2179 287 2242 enim
309 2196 343 2241 re
364 2183 565 2242 controversa
583 2178 659 2242 nihil
681 2179 842 2264 antiquius
862 2178 985 2260 habuit,
1007 2198 1102 2260 quam
1124 2185 1161 2244 ut
1175 2179 1315 2244 diversas

93 2285 273 2351 sententias
305 2291 450 2348 accurate
472 2285 678 2366 exscriberet,
708 2290 741 2349 et
762 2304 824 2366 qua
850 2292 920 2349 erat
947 2287 1116 2351 ambitione
1147 2287 1315 2368 doctrinae,

91 2391 211 2472 gaudio
234 2389 353 2455 culmen
376 2390 567 2471 addebatur,
599 2409 669 2455 curn
693 2391 822 2456 alicuius
843 2393 902 2456 viri
928 2392 1010 2457 docti
1034 2395 1222 2458 sententiam
1247 2411 1315 2458 car-

92 2499 180 2562 bone
201 2503 314 2562 notare
335 2498 362 2560 ei
384 2496 508 2562 licebat.
549 2497 755 2563 Nihilominus
780 2499 905 2580 saepius
929 2505 1039 2564 noster
1058 2519 1077 2564 a
1098 2500 1314 2581 Theophrasto
1419 2554 1422 2559 ,

91 2613 127 2670 et
148 2604 255 2684 parvis
277 2609 318 2694 et,
341 2610 378 2669 ut
398 2604 478 2669 infra
501 2607 580 2670 satis
603 2624 757 2687 superque
777 2607 979 2688 probabitur,
1002 2607 1098 2671 rebus
1120 2607 1313 2688 gravissimis

91 2712 263 2791 discrepat.
281 2693 286 2699 ’
307 2710 412 2788 Quid?
440 2717 514 2791 post
542 2711 619 2775 baec
646 2712 749 2776 omnia
779 2730 882 2776 nonne
903 2712 1073 2791 probabilis
1094 2713 1221 2777 videtur
1239 2731 1312 2776 con·
1396 2794 1399 2803 .

91 2820 217 2883 iectura
240 2817 455 2898 Theophrasto
477 2836 495 2882 a
517 2817 619 2882 Plinio
646 2836 703 2882 nec
724 2824 909 2899 usurpatum
932 2836 969 2882 ac
990 2839 1029 2883 ne
1047 2819 1163 2885 lectum
1188 2820 1312 2900 quidem

89 2926 189 2991 esse?

180 3032 275 3108 Quae,
290 3033 316 3097 si
337 3033 498 3114 probatur,
521 3033 582 3097 iam
605 3050 666 3097 non
689 3032 880 3114 mirabimur,
902 3033 985 3114 quod
1009 3035 1048 3099 de
1068 3033 1180 3098 cummi
1202 3033 1312 3113 spinae

90 3141 271 3231 Aegyptiae
302 3139 413 3205 eodem
441 3139 505 3204 iere
534 3157 650 3204 conexu
681 3138 757 3202 dato
786 3140 877 3204 aliter
907 3158 1058 3222 perquam
1090 3143 1139 3206 hic
1168 3141 1312 3221 disputat

90 3250 241 3330 neglecto
265 3247 336 3324 illo;
370 3267 427 3313 nec
455 3250 545 3329 item,
576 3248 658 3329 quod
686 3247 832 3311 balanum
863 3248 921 3312 boc
949 3249 1015 3312 loco
1046 3249 1076 3331 (ᾖ
1099 3250 1149 3329 61)
1179 3267 1312 3313 comme-

89 3363 249 3424 moratam
272 3362 366 3438 pntat
388 3355 517 3419 eandem
533 3373 602 3420 esse
624 3362 718 3436 atque
738 3354 874 3435 palmam
893 3356 976 3420 illam
1001 3357 1094 3438 paulo
1116 3364 1190 3421 ante
1211 3355 1241 3438 (ἐ
1258 3357 1310 3440 48)

89 3487 132 3532 ex
156 3466 218 3531 alio
248 3474 377 3530 auctore
399 3465 508 3529 eodem
538 3465 661 3527 nomine
684 3464 850 3546 donatam,
880 3466 1008 3530 arbores
1034 3468 1126 3548 longe
1155 3467 1311 3547 diversas3

89 3574 269 3656 quodcum
291 3592 352 3637 non
374 3572 544 3652 effugisset,
566 3571 593 3634 si
616 3571 654 3635 de
675 3570 734 3636 hac
756 3572 1005 3653 Theophrastum
1028 3576 1227 3639 excussisset.

176 3681 237 3746 Sed
254 3681 401 3760 quoniam
417 3679 500 3742 adid
516 3678 739 3760 disputationis
753 3681 958 3760 pervenimus,
977 3687 1022 3760 ut,
1033 3681 1310 3762 Theophrastusne

76 3789 217 3856 ‚omnino
246 3788 387 3852 aPlinio
414 3788 453 3852 ad
483 3787 539 3851 hos
568 3787 664 3851 libros
694 3793 805 3852 auctor
830 3794 1011 3868 assumptus
1042 3789 1099 3866 sit,
1128 3787 1309 3852 indubium

86 3901 233 3976 vocetur,
245 3894 329 3983 haec
348 3886 456 3960 tantae
478 3896 645 3974 gravitatis
664 3895 806 3976 quaestio
827 3913 946 3959 summa
966 3897 1062 3959 totius
1080 3895 1309 3959 dissertationis

86 4009 140 4067 est
169 4002 322 4068 facienda.
365 4002 518 4066 Maiorem
547 4009 652 4066 autem
673 3988 776 4066 ¹babet
797 4003 1001 4083 gravitatem,
1028 4003 1187 4083 quianon
1216 3999 1308 4063 modo

84 4110 129 4176 ad
165 4109 223 4173 hos
257 4111 341 4190 ipsos
378 4109 477 4173 libros
515 4109 648 4190 attinet,
680 4110 736 4174 sed
775 4111 802 4174 si
838 4107 991 4190 probatur
1024 4108 1106 4172 illius
1144 4106 1308 4172 historiam
