2962 4696
692 264 732 326 oo

188 436 396 518 Theophrasti
427 441 601 504 sententiae
633 439 716 520 apud
745 437 879 503 Plinium
910 438 1065 518 apparent
1094 436 1140 500 ita
1168 435 1318 518 variatae,

104 548 252 609 contusae
281 542 452 626 fusaeque,
487 551 554 609 tum
584 545 744 610 breviatae
771 551 804 609 et
830 548 1026 623 contractae,
1056 547 1120 608 tum
1143 548 1256 608 auctae
1285 545 1319 606 et
1441 610 1444 617 ,

104 648 329 731 amplificatae,
370 658 405 716 111
442 652 526 716 illum
562 653 593 715 in
632 651 692 716 hoc
727 667 950 731 recognoscere
986 649 1169 730 plerumque
1202 646 1319 714 frustra

104 774 261 821 conemur.
312 757 377 820 Nec
403 776 476 822 vero
505 759 536 821 in
565 757 708 838 eligenda
734 756 866 821 materia
892 756 1024 822 alteram
1050 756 1133 833 vlam
1162 755 1319 819 11111111-
1444 784 1448 791 ¹

104 879 230 942 gressus
252 880 315 926 non
338 869 395 929 est.
438 864 597 928 Permulta
615 864 804 945 amplissime
820 864 963 945 exposita
984 863 1024 928 ab
1046 862 1098 927 illo
1117 861 1320 942 requiruntur

105 969 187 1048 apud
208 968 309 1047 hunc,
339 970 392 1051 qui
414 989 452 1034 ex
474 971 635 1035 contrario
663 969 830 1050 permultis
852 970 922 1034 aliis
944 968 1039 1034 rebus
1068 968 1121 1033 illo
1141 972 1190 1032 est
1216 967 1319 1048 copio-

105 1077 175 1141 sior.
218 1078 255 1141 ld
274 1078 300 1142 si
321 1078 497 1159 respicitur,
518 1077 830 1158 circumspectissima
848 1074 989 1158 prolecto
1011 1092 1079 1139 cum
1102 1091 1179 1138 curu
1200 1072 1319 1139 Plinius

106 1200 181 1263 opus
203 1182 318 1247 adiisse
341 1183 490 1248 dicendus
514 1188 608 1248 esset.
651 1185 694 1247 At
721 1183 859 1247 laborem
889 1187 953 1247 tom
981 1182 1163 1246 immensum
1185 1179 1318 1244 Plinium

106 1288 204 1367 ipsum
219 1287 249 1350 in
264 1305 298 1351 se
312 1289 485 1369 suscepisse
495 1294 600 1353 mente
614 1289 732 1370 concipi
749 1307 812 1353 non
827 1293 942 1370 potest.
965 1285 1124 1368 (Ceterum
1136 1284 1317 1350 cf.Birtium

105 1392 124 1457 l.
144 1393 164 1457 1.
186 1411 218 1474 p.
240 1394 321 1475 136).
365 1393 451 1470 Quae
473 1399 599 1460 vetatur
621 1394 725 1474 opinio
752 1395 887 1475 primum
910 1391 1035 1474 quidem
1063 1391 1263 1456 festinatione
1285 1396 1318 1455 et

106 1497 242 1579 levitate,
263 1517 344 1580 quae
362 1505 396 1564 et
411 1501 443 1564 in
457 1500 545 1564 libris
559 1501 620 1565 XII
636 1505 668 1564 et
684 1500 760 1564 Xlll
777 1517 797 1563 a
816 1498 905 1563 nobis
923 1503 1045 1579 reperta
1065 1505 1116 1563 est
1132 1502 1165 1562 et
1179 1497 1317 1560 omnium

106 1622 255 1670 consensu
271 1604 371 1670 Plinio
394 1606 612 1686 exprobratur.
654 1606 738 1686 Ergo
760 1604 801 1669 ab
820 1605 877 1668 hoc
888 1604 1137 1684 Theophrastum
1160 1620 1230 1667 cum
1246 1601 1317 1667 aliis

106 1712 347 1776 contaminatum
370 1730 431 1776 non
453 1730 521 1777 esse
532 1731 588 1794 pro
602 1717 689 1795 certo
705 1711 866 1776 habemus
909 1711 970 1776 Sed
988 1710 1047 1774 etsi
1062 1709 1096 1774 id
1110 1709 1183 1790 poni
1198 1714 1317 1791 posset,

106 1816 142 1880 de
162 1822 256 1881 tauta
271 1817 428 1883 industria
450 1825 481 1882 et
498 1837 595 1899 opera
616 1819 750 1900 scriptor
768 1817 819 1883 hic
840 1817 997 1898 gloriatus
1019 1820 1103 1881 esset
1125 1832 1189 1879 uon
1208 1814 1317 1894 paucis

105 1921 221 1999 verbis3
252 1924 371 2004 proprii
399 1925 479 1988 enirn
511 1924 617 1988 meriti
648 1923 772 1988 tacendi
793 1923 949 1988 modestia
976 1920 1193 1987 consuetudini
1221 1919 1317 1986 huius

45 2064 48 2069 -
105 2028 265 2109 scriptoris
281 2046 343 2092 nou
360 2030 573 2110 responderet,
595 2035 631 2095 ut
645 2047 736 2110 quern
752 2029 827 2094 locis
844 2027 1123 2093 innumerabilibus
1138 2027 1171 2091 id
1183 2027 1316 2091 maximo

104 2151 194 2213 opere
216 2135 292 2199 eniti
313 2142 483 2218 appareat,
512 2142 548 2201 ut
570 2136 788 2201 nonnullorum
810 2135 982 2200 sententias
1003 2133 1246 2214 discrepantium
1267 2130 1317 2196 vel
1443 2128 1447 2135 ‘

105 2239 141 2304 dc
155 2241 251 2305 rebus
264 2243 395 2306 maxime
412 2242 532 2322 exiguis
551 2247 680 2307 cunctas
696 2242 836 2321 explicet.
871 2239 1071 2304 Differentias
1087 2243 1194 2303 autem
1212 2243 1317 2302 aucto·

104 2364 170 2410 rum
187 2352 252 2411 tum
267 2348 425 2428 expositas
446 2367 514 2413 esse
537 2349 586 2413 vel
606 2349 747 2413 minimas
770 2354 838 2412 turn
860 2347 982 2412 silentio
1004 2346 1244 2426 praetermissas
1266 2351 1317 2416 vel

104 2455 252 2519 maximas
275 2454 345 2533 quis
369 2453 427 2519 sibi
449 2454 677 2536 persuadebit?
718 2454 795 2518 Mihi
810 2455 932 2535 quidem
949 2455 1007 2518 hac
1022 2472 1125 2519 rerum
1139 2455 1317 2520 condicione

104 2559 181 2625 effici
204 2559 328 2624 videtur
350 2560 481 2626 Plinium
504 2579 543 2626 ne
563 2561 717 2625 divinasse
736 2560 861 2640 quidem
883 2578 973 2624 suem
994 2578 1063 2625 cum
1085 2561 1139 2625 illo
1160 2561 1315 2624 rationem

104 2684 218 2732 veram.
261 2666 389 2732 Accedit
410 2667 503 2748 quod,
526 2668 588 2732 nisi
609 2668 661 2748 qui
684 2685 804 2732 summa
824 2685 929 2731 rerum
948 2667 1123 2747 cognitione
1142 2666 1316 2746 iudicioque

104 2772 139 2838 de
162 2774 221 2838 hac
240 2775 373 2837 materia
390 2780 484 2838 acuto
508 2780 697 2856 strenuoque
718 2775 880 2856 praeditus
899 2773 1043 2848 11111111
1064 2773 1165 2837 labori
1180 2791 1237 2853 par
1252 2790 1315 2837 uon

103 2884 179 2943 erat.
232 2877 365 2944 Constat
403 2885 507 2944 autem
546 2880 627 2944 Plini
657 2882 817 2945 scientiam
854 2880 1082 2962 philologicam
1116 2897 1180 2943 nou
1217 2878 1315 2944 fuisse

94 2982 255 3066 maguam.
300 2985 347 3050 Oi.
369 2986 405 3050 E.
427 2987 468 3050 Η.
486 2988 521 3051 F.
544 2986 702 3068 Meyerum
731 2988 763 3050 in
791 2986 940 3052 historiae
968 2987 1013 3050 rei
1032 2986 1250 3066 phytologicae
1277 3003 1315 3050 eo

102 3092 218 3172 capite,
250 3109 311 3172 quo
334 3097 479 3156 accurate
499 3092 575 3156 dicit
599 3091 638 3156 de
660 3091 779 3174 Plinio,
811 3099 844 3156 et
864 3109 945 3172 quae
966 3091 1029 3157 Ede
1057 3092 1315 3172 (commentaircs

102 3215 153 3263 sur
174 3198 205 3263 la
226 3199 393 3281 botanique
414 3206 448 3265 et
467 3200 499 3262 lu
521 3201 653 3266 matibrc
674 3199 824 3264 medicale
846 3200 884 3264 de
905 3200 995 3264 Pline
1017 3201 1047 3263 iu
1071 3200 1212 3264 versione
1233 3199 1315 3264 Plini

101 3307 264 3372 Alassouis
286 3307 325 3370 de
347 3305 573 3387 Graudsagnc,
599 3307 729 3372 Parisiis
755 3309 930 3387 1829-33)
954 3313 987 3371 et
1009 3307 1140 3371 Curtius
1162 3305 1315 3386 Sprengel

101 3411 303 3493 (Geschichte
332 3413 389 3476 der
411 3411 561 3492 Botanik,
594 3418 687 3494 1817,
719 3414 751 3491 Ι,
779 3432 809 3493 p.
837 3415 989 3494 162sqq.)
1016 3430 1137 3477 summa
1162 3431 1233 3478 cum
1262 3413 1315 3477 de-

101 3518 260 3598 spectione
297 3517 390 3584 huius
425 3520 589 3600 scriptoris
626 3519 848 3585 iudicaverunt.
908 3520 1025 3598 Quibus
1059 3525 1165 3584 autem
1200 3519 1315 3598 Brosig

101 3625 180 3706 (Jlie
195 3622 334 3689 Botanik
356 3625 410 3691 des
433 3626 554 3693 dlteren
570 3626 708 3707 Plinius‘,
728 3628 839 3708 Progr.
854 3628 1015 3709 Gymnasii
1027 3627 1202 3692 Grandeut.
1221 3624 1314 3704 1883)

99 3729 180 3796 huuc
201 3749 352 3797 excusare
366 3732 483 3811 studet,
504 3732 543 3797 iis
562 3732 729 3815 quidquam
748 3735 896 3798 momenti
917 3733 1152 3798 attribuendum
1174 3735 1313 3797 nonest.

101 3837 197 3902 (luins
220 3838 367 3903 iudicium
388 3838 500 3902 nititur
520 3840 713 3918 argumentis
734 3840 836 3905 minus
862 3840 1049 3921 specialibus
1070 3857 1172 3920 neque
1193 3839 1225 3903 in
1247 3854 1313 3902 rem

100 3948 255 4022 penetral.
309 3944 390 4022 Quid
422 3945 503 4009 enim
534 3943 573 4008 de
604 3943 685 4009 Plini
715 3945 836 4025 indole,
871 3946 1025 4027 lontibus,
1055 3948 1087 4010 in
1118 3942 1313 4025 excerpendo

100 4050 212 4115 iudicio
230 4056 263 4115 et
283 4051 399 4131 ingenii
417 4051 484 4116 acie
502 4068 523 4114 a
542 4051 617 4115 viris
634 4050 734 4116 doctis
751 4051 843 4118 huius
863 4053 1011 4134 temporis
1026 4053 1193 4133 iudicetur,
1214 4050 1314 4116 nescit
