2962 4696
691 288 730 348 29

727 461 893 544 respecti
915 459 1165 544 οἱφοίνιιι-ις.
1213 463 1319 524 Τοῦτο

724 568 787 646 μὲν
817 551 889 641 οὖν,
919 559 1033 644 ὥσπερ
1062 559 1202 644 εἴρηται,
1232 560 1309 641 περὶ

725 663 785 751 την
815 662 967 747 Περσίδα
998 660 1053 724 καὶ
1085 660 1147 723 τίν
1177 658 1316 742 Μηδίαν

726 765 828 827 ἐστίν.

214 897 290 962 Pliu.
314 918 345 963 n.
365 898 394 961 h.
418 898 491 979 nn,
516 903 566 962 37.
777 894 933 976 'lheophn
953 892 982 956 h.
1005 892 1048 972 pl.
1072 891 1125 972 IV,
1146 896 1174 970 7,
1185 895 1275 954 5-6.

86 1018 90 1023 ·
127 1016 155 1068 e.
186 1002 294 1068 Gentes
331 1022 426 1085 supra
458 1005 557 1069 dictas
579 1004 684 1068 Persis
835 1017 876 1069 a,
906 999 989 1080 Περὶ
1018 999 1056 1060 δὲ
1084 999 1144 1085 την
1168 998 1320 1079 Περσίδα

128 1102 409 1184 attingit‚⁴Rubr0
436 1104 555 1182 mari,
583 1102 685 1184 quod
736 1105 808 1190 τήν
838 1100 942 1164 κατὰ
963 1098 1036 1187 την
1065 1105 1320 1182 Καρμανίαν,

127 1201 170 1276 ili
200 1203 401 1268 Persicum
444 1204 689 1280 vocavimus,
740 1204 779 1271 Ιι.
812 1198 937 1266 καθἰἳ
971 1199 1206 1286 ἡπλημμυρὶς
1240 1204 1322 1282 γίνε-

128 1297 156 1364 Ιι.
173 1303 251 1382 lunge
266 1303 297 1366 in
314 1308 434 1366 terram
450 1309 559 1366 aestus
574 1307 689 1380 agente
737 1327 808 1382 ται,
831 1301 953 1383 δένδρα
973 1300 1067 1366 ἐστὶν
1091 1316 1127 1368 υ.
1149 1300 1321 1382 εὐμεγέθη,

129 1401 187 1464 nire
204 1402 348 1467 orborum
371 1408 495 1465 nature.
538 1397 570 1466 s.
593 1399 689 1464 Nem·
740 1392 790 1468 el..
811 1398 906 1483 ὅμοια
936 1404 977 1482 τῇ
1000 1399 1169 1483 α’νδριίχλη
1191 1399 1256 1462 καὶ
1278 1403 1321 1482 τῇ

119 1514 302 1585 ‘queerosae
333 1501 399 1566 sale
431 1501 560 1565 invectis
599 1500 688 1563 dere·
738 1505 873 1585 μορφῇ
914 1501 979 1563 καὶ
1022 1503 1105 1574 τοῖς
1145 1498 1322 1584 φύλλοις·

131 1595 246 1680 istisque
299 1600 416 1664 similes
466 1601 547 1664 sicce
598 1599 689 1662 litore
738 1601 867 1682 καρπδν
899 1601 938 1663 δὲ
967 1602 1032 1680 ἔχει
1068 1599 1174 1663 πολδν
1210 1595 1324 1679 ὅμοιον

132 1696 259 1763 radicibus
275 1699 373 1762 'unciis
393 1697 578 1779 polyporum
597 1697 688 1761 medo
738 1705 790 1781 τῷ
817 1699 999 1781 χρώματι
1027 1702 1099 1771 ταῖς
1119 1697 1322 1779 ἀμυγδάλοις

131 1796 263 1875 amplexae
293 1799 416 1862 steriles
445 1798 579 1861 harenas
602 1814 688 1876 spec·
739 1803 880 1878 ἔξωθεν,
902 1816 939 1865 ο.
960 1800 999 1862 τδ
1024 1799 1052 1861 δ’
1069 1799 1162 1872 ἐντὸς
1178 1797 1322 1863 συνελίτ-

132 1897 222 1959 lentur.
252 1897 390 1960 Eaedem
408 1897 484 1959 meri
502 1896 688 1960 adveniente
738 1922 829 1962 τεται
876 1899 1033 1978 καθάπερ
1083 1905 1324 1981 συνηρτημένον

110 1989 247 2059 ,luctibus
277 1995 421 2076 pulsatae
451 1996 603 2058 resistunt
634 1997 687 2058 im·
739 2002 852 2062 πᾶσιν.
924 1993 958 2062 f.
995 1997 1239 2079 Ὑποβίβρωται
1286 1995 1324 2057 δὲ

74 2112 77 2119 ·
132 2093 240 2158 mobiles,
291 2095 374 2172 'Quin
408 2100 440 2157 et
475 2093 565 2173 pleno
597 2100 687 2157 aestu
738 2100 845 2160 ταῦτα
864 2096 908 2159 τα“
935 2096 1057 2176 δένδρα
1078 2093 1193 2157 πάντα
1219 2095 1325 2157 κατυὲ
1381 2143 1383 2147 r

132 2192 289 2267 operiuntur
322 2199 428 2273 totae,
469 2209 510 2275 g.
543 2193 689 2273 adparet·
738 2204 863 2278 μέσον
892 2193 960 2259 cirri
988 2198 1045 2280 τῆς
1075 2193 1243 2277 θαλάττης
1270 2194 1324 2256 καὶ

133 2301 178 2364 que
194 2309 289 2357 rerum
307 2292 500 2372 argumentis
517 2293 688 2372 asperitate
739 2296 874 2377 ἕστηκεν
901 2295 969 2359 cirri
996 2298 1062 2357 τῶν
1089 2294 1182 2376 ῥιζῶν
1211 2290 1324 2374 ὥσπερ

133 2400 254 2464 uquarum
270 2391 340 2455 illas
357 2391 408 2455 uli.
446 2406 481 2458 υ.
502 2391 687 2471 Magnitudo
740 2393 918 2467 πολδπονς.
942 2391 1044 2459 Ὅταν
1060 2394 1122 2477 γαρ
1139 2393 1159 2479 ἡ
1175 2389 1326 2474 ἄμπωτις

134 2483 247 2580 mirande
269 2496 332 2570 est,
363 2489 404 2557 d.
430 2480 552 2570 species
580 2490 689 2554 similis
739 2504 881 2578 γένηται,
903 2498 1045 2577 θεωρεῖν
1065 2495 1165 2557 ἐστιν.
1212 2493 1325 2575 Ὑδοιρ

134 2585 252 2668 unedoni,
268 2607 394 2671 pomum
405 2588 689 2670 amygdalisextra‚
740 2595 785 2657 δὲ
819 2592 919 2667 ὅλως
950 2594 1021 2658 urin
1053 2596 1166 2656 ἔστιν
1196 2592 1240 2655 ἐν
1271 2594 1325 2671 τῷ

134 2690 162 2742 e.
178 2683 250 2752 intus
270 2689 423 2752 contortis
445 2687 570 2752 nucleis.
741 2694 862 2774 τόπῳ·
917 2692 1247 2757 καταλείπονται
1282 2690 1328 2753 δι’

739 2818 846 2868 τινες
877 2792 1071 2876 διώρυχες
1100 2791 1146 2855 δι’
1167 2779 1219 2854 οἷν
1246 2791 1325 2853 δια-

740 2895 940 2959 πλέουσιν·
975 2881 1235 2957 αιῗταιδέῑσί
1254 2895 1326 2954 θα-

719 2994 895 3078 λάττης·
936 3010 978 3078 g.
1000 2981 1027 3074 ᾧ
1046 2992 1101 3055 καὶ
1122 2992 1221 3078 δῆλον
1242 2990 1326 3053 οἴου-

739 3098 798 3156 ταί
814 3117 913 3172 τινες,
943 3089 995 3157 ὅτι
1021 3100 1196 3174 τρέφονται
1221 3087 1326 3172 ταύτῃ

740 3193 795 3256 καὶ
824 3192 864 3256 ου
889 3196 936 3273 τῷ
964 3189 1061 3255 ῧδοιτι
1088 3189 1194 3273 πλην
1227 3187 1268 3250 εἴ
1291 3209 1328 3251 τι

739 3295 830 3365 ταῖς
857 3292 987 3372 ῥίζαις
1016 3290 1058 3353 ἐκ
1083 3292 1151 3363 τίς
1176 3292 1243 3374 γῆς
1272 3286 1326 3351 ἕλ-

740 3410 878 3455 κουσιν.
901 3385 1128 3470 Εδλογονδὲ
1142 3387 1202 3450 καὶ
1220 3388 1328 3450 τοῦδ’

741 3490 923 3573 οἱλμυρδν
965 3479 1083 3551 εἶναι·
1145 3486 1210 3549 καὶ
1250 3486 1328 3567 γδρ

742 3590 832 3656 ου’δὲ
852 3590 950 3653 κατα
976 3587 1125 3670 βάθους
1152 3585 1195 3649 αἶ
1212 3586 1328 3666 ῥίζαι.

133 3703 219 3782 Tanta
238 3723 399 3787 conversio
421 3742 542 3804 rerum,
571 3742 633 3804 qua
654 3723 686 3787 lri
708 3722 765 3787 leci
787 3721 891 3786 allecti
914 3739 983 3786 esse
1006 3718 1168 3795 uidentur,
1197 3715 1331 3794 diligen-

132 3811 226 3890 tissimi
253 3833 375 3894 tentum
406 3830 566 3910 scriptoris
595 3835 653 3894 est.
710 3829 813 3907 Quam
845 3828 884 3894 ob
913 3845 977 3892 rum
1003 3831 1075 3907 pust
1104 3843 1141 3893 eu
1168 3841 1248 3905 quae
1277 3841 1330 3887 ex-

132 3930 275 4000 nescimus
290 3936 424 4001 Plinium
446 3938 549 4016 ipsum
570 3954 648 4016 opus
671 3934 702 3999 iri
717 3934 939 4000 ·dilficillimum
960 3934 992 3996 in
1014 3951 1047 3997 se
1071 3931 1246 4012 suscepisse
1268 3947 1329 3994 non

133 4040 307 4123 conceditur,
328 4044 515 4124 praesertim
540 4058 609 4106 cum
633 4061 672 4107 ne
693 4043 723 4106 id
745 4042 869 4122 quidem
892 4038 1060 4119 excogitari
1085 4039 1198 4120 possit,
1219 4039 1332 4119 quibus
