2962 4696
232 1132 456 1246 Gravissimus
476 1183 572 1247 totius
593 1183 793 1264 antiquitatis
818 1183 849 1246 in
865 1182 1044 1265 phytologia
1065 1139 1176 1247 auctor
1196 1180 1256 1246 luit
1274 1182 1373 1247 Theo-

156 1290 314 1371 phrastus.
356 1288 465 1369 ltaque
495 1289 521 1353 si
545 1289 615 1370 quis
638 1294 777 1354 veterum
806 1295 878 1371 post
903 1289 989 1353 illum
1019 1288 1169 1355 historiae
1196 1286 1373 1371 plantarum

154 1415 280 1477 operam
304 1396 381 1459 dare
402 1394 589 1475 conahatur,
619 1394 672 1459 ille
701 1401 774 1458 aute
802 1400 923 1459 ceteros
953 1394 1022 1458 huic
1052 1401 1123 1460 erat
1151 1395 1372 1477 respiciendus.

46 1487 50 1492 ’
155 1501 222 1566 Nec
239 1520 314 1566 vero
330 1501 449 1566 Plinius
469 1501 703 1581 conscripturus
720 1500 895 1565 naturalem
913 1500 1073 1566 historiam
1086 1500 1173 1564 illurn
1190 1500 1373 1580 neglegendi

155 1609 287 1689 speciem
309 1625 384 1688 prae
406 1625 439 1671 se
460 1605 530 1670 lert.
572 1608 670 1671 Immo
693 1625 753 1670 non
777 1606 865 1670 modo
889 1607 929 1670 ad
946 1607 1043 1671 libros
1058 1606 1271 1688 phytologicos
1286 1606 1373 1671 illum

155 1713 332 1778 adhibuisse
362 1712 499 1792 videtur,
528 1714 583 1777 sed
614 1712 709 1777 etiam
740 1711 779 1775 ad
809 1730 927 1792 paucos
959 1714 1056 1777 totins
1088 1712 1191 1795 operis
1216 1713 1312 1777 lihros
1341 1713 1372 1776 in

155 1827 318 1885 auctorum
337 1819 491 1884 indicibus
509 1818 707 1883 desideratur
726 1837 838 1883 nomen
857 1817 1077 1903 Theophrasti.
1120 1817 1219 1899 Adde,
1241 1818 1322 1899 quod
1341 1823 1373 1882 et

155 1945 211 2007 per
240 1931 360 1991 textum
391 1925 517 2005 saepius
548 1924 598 1988 ille
627 1923 777 1989 laudatur
808 1929 841 1988 et
869 1924 1027 1988 interdum
1064 1925 1191 1989 summis
1226 1923 1371 1988 laudibus

154 2032 339 2109 celebratur,
362 2031 417 2111 qui
438 2035 559 2113 ‘cuneta
581 2046 696 2110 magna
717 2047 794 2094 cura
814 2030 1006 2111 persecutus’
1028 2028 1082 2114 (cf.
1098 2030 1181 2110 XIX,
1197 2029 1254 2112 32)
1278 2036 1372 2111 atque

68 2208 72 2214 ,
152 2139 245 2220 ‘iuter
267 2136 484 2203 celeberrimos
503 2136 654 2201 Graeciae
678 2136 831 2201 auctores’
849 2137 891 2200 sit
914 2135 1097 2203 iudicandus
1119 2134 1174 2219 (ci.
1190 2135 1258 2212 XV,
1277 2137 1319 2216 1).

237 2252 401 2317 Libromm
428 2251 499 2316 XII.
530 2257 562 2315 ct
586 2250 672 2315 XIII.
701 2269 776 2332 pars
809 2269 871 2315 non
903 2251 1015 2332 exigua
1049 2250 1090 2314 ad
1122 2250 1371 2333 Theophrastum

154 2359 255 2424 redire
277 2359 400 2423 videtur
422 2358 535 2425 cursim
559 2374 614 2422 eos
635 2357 831 2438 percurrenti
854 2356 945 2421 -id
967 2357 1051 2437 quod
1072 2356 1161 2438 Sillig
1182 2358 1213 2421 in
1236 2356 1372 2422 editione

112 2479 115 2485 ’
153 2465 263 2531 fecisse
290 2464 476 2529 iudicandus
506 2469 556 2528 est
584 2483 640 2543 -;
677 2464 775 2528 totius
814 2463 896 2528 enim
932 2462 1084 2528 materiate
1120 2463 1214 2527 tertia
1248 2463 1371 2527 circiter

152 2590 226 2652 pars
254 2570 299 2635 illi
327 2570 514 2652 respondet,
546 2588 627 2651 quae
657 2569 745 2650 copIa
765 2569 943 2651 argumenti
971 2569 1048 2634 satis
1071 2587 1139 2634 esse
1160 2568 1298 2648 videtur,
1326 2574 1370 2650 ut,

153 2694 233 2757 quae
255 2677 337 2741 ratio
358 2676 459 2740 Plinio
482 2674 654 2741 intercedat
682 2693 751 2739 curn
773 2675 843 2753 illo,
876 2675 948 2739 inde
973 2675 1188 2756 perspiciatur.
1232 2674 1321 2753 Quod
1344 2674 1370 2739 si

153 2782 224 2863 quis
245 2783 376 2847 miretur
398 2787 503 2847 tamen
526 2800 586 2846 uon
610 2781 759 2847 maiorem
781 2789 904 2863 partem
931 2781 1028 2847 totius
1051 2781 1201 2845 materiae
1222 2780 1261 2845 ad
1284 2779 1370 2845 illum

153 2887 278 2972 referri,
306 2908 345 2955 ex
365 2889 433 2970 ipsa
455 2906 560 2952 rerum
584 2893 698 2953 natura
720 2887 877 2969 sequitur,
907 2893 943 2953 ut
964 2888 1056 2952 huius
1078 2904 1192 2968 operae
1215 2887 1371 2969 permulta

153 3000 369 3076 occurrerent,
394 3012 474 3075 quae
496 2994 540 3059 illi
567 3012 699 3076 prorsus
720 2994 831 3075 ignota
851 2994 977 3059 fuerant
999 2992 1132 3059 OCOXG
1154 2993 1247 3057 annis
1269 2992 1369 3057 Plinio

152 3101 250 3181 priori
274 3100 324 3183 (cf.
344 3100 429 3182 XIX,
443 3102 494 3182 32)
517 3105 552 3166 et
570 3100 710 3182 proximo
732 3101 773 3166 ab
797 3100 967 3165 Alexandri
988 3105 1093 3165 aetate
1114 3098 1165 3182 (cf.
1184 3099 1270 3180 XIII,
1288 3100 1369 3183 101),

152 3209 240 3272 cuius
262 3206 459 3289 expeditione
481 3212 557 3273 tunc
577 3207 711 3289 primum
733 3208 911 3289 patefactae
930 3213 1020 3272 erant
1041 3213 1146 3273 terrae
1160 3207 1201 3271 ad
1218 3206 1368 3271 orientem

152 3318 327 3394 vergentes.
378 3312 631 3381 Consentaneum
659 3317 740 3380 enim
770 3320 820 3380 est
848 3334 904 3396 per
937 3320 1088 3396 quattuor
1118 3316 1215 3380 ferme
1243 3314 1370 3379 saecula

150 3419 338 3501 praesertim
360 3421 456 3485 armis
470 3422 680 3487 Romanorum
704 3422 775 3488 illuc
789 3423 919 3504 prolatis
936 3421 1035 3487 multa
1048 3423 1088 3486 de
1103 3427 1220 3486 natura
1232 3422 1369 3486 locorum

151 3531 183 3591 et
205 3526 362 3592 hominum
382 3532 414 3591 et
436 3527 608 3595 bestiarum
630 3535 663 3594 et
684 3529 864 3612 plantarum
887 3537 999 3611 aperta
1021 3548 1109 3610 esse,
1138 3549 1220 3611 quae
1247 3530 1368 3611 priores

150 3631 336 3713 effugerant.
387 3634 557 3700 Praeterea
586 3635 803 3717 Theophrasto
834 3637 946 3718 plagae
981 3655 1061 3719 quae
1098 3637 1138 3700 ad
1166 3655 1307 3702 occasum
1336 3642 1369 3702 et
1421 3618 1424 3623 Δ

150 3739 381 3820 septentriones
408 3746 555 3821 spectant
585 3742 611 3807 si
641 3760 703 3807 non
730 3760 858 3824 prorsus
880 3743 1008 3823 ignotae
1030 3778 1070 3789 —
1092 3748 1127 3808 ut
1150 3742 1268 3822 Gallia,
1290 3742 1368 3808 Ger-

60 3930 77 3947 t
150 3846 255 3911 mania
284 3881 324 3892 -
356 3851 461 3913 tamen
499 3867 560 3912 non
598 3848 644 3912 ita
684 3855 867 3931 perspectae
903 3855 1004 3915 erant.
1057 3851 1168 3931 ltaque
1198 3850 1368 3915 multarum

150 3951 300 4018 arborum
322 3972 342 4017 a
361 3952 460 4017 Plinio
483 3953 711 4037 descriptarum
729 3955 813 4036 apud
837 3956 1084 4037 Theophrastum
1103 3975 1141 4021 ne
1162 3957 1276 4021 mentio
1298 3957 1368 4038 qui-

151 4056 219 4122 dem
241 4058 286 4125 fit.
328 4058 397 4124 Huc
418 4060 593 4141 pertinent:
