2962 4696
717 285 753 346 41

151 457 279 525 orientem
328 474 489 557 ¹qqnnnc
538 460 578 521 ct
623 456 716 556 ipsa
761 458 805 520 τδ
822 461 883 539 μὲν
898 457 980 540 πρδς
996 458 1048 537 no,
1065 447 1347 544 τοσοῦτοπλῆδος

148 578 247 639 aestu
280 575 407 639 maris
443 574 714 674 perfunditur.
764 547 853 620 abac
872 576 956 639 paor
976 558 1120 640 δένδρων
1142 555 1373 657 iffl-

145 688 314 770 Magnitudo
329 690 463 771 singulis
479 689 644 755 arboribus
656 691 715 755 fici.
766 696 825 737 ’Ἡ
848 672 866 773 ¹‘·
884 671 1231 774 silnwnisn‘ion’
1250 673 1348 770 ἄπι-

88 850 94 857 .
142 788 205 852 Flos
221 790 378 854 suavitate
400 788 613 854 inenarrabili.
653 790 715 854 Po·
763 794 1011 891 Q
1035 792 1155 856 mem
1185 792 1223 854 pp
1241 791 1349 854 ,mam

138 906 215 952 mum
234 888 343 970 lupino
359 888 461 953 simile
478 893 610 970 propter
626 906 716 969 aspe-
765 913 889 991 Μέρη
920 913 982 990 μὲ,
1009 912 1094 990 ἔχω,
1127 909 1222 993 ἡλίκα
1257 907 1348 988 ,ωῇ

135 988 254 1051 ritatem
284 988 441 1052 intactum
473 987 616 1052 omnibus
648 988 717 1051 ani·
741 1036 744 1041 .
765 1008 804 1070 oo*
846 1008 885 1070 pp
922 1002 1029 1081 ,ρ’,θος
1064 1005 1271 1090 ὑπερβάλλω,
1309 1005 1350 1086 ,ᾖ

132 1086 272 1152 malibus·
765 1106 905 1190 εὐωδίᾳ,
952 1109 1081 1186 καρπδν
1121 1107 1159 1169 δὲ
1199 1101 1350 1186 ἄβρωτον

128 1266 131 1271 .
766 1203 877 1287 ὅμοιον
897 1209 937 1289 τῇ
959 1201 1039 1294 ὄψει
1059 1209 1107 1287 τῷ
1129 1210 1255 1286 δέρμα).

169 1315 209 1381 b.
247 1315 399 1381 Eiusdem
438 1314 559 1379 insulae
589 1312 719 1378 excel·
808 1303 849 1372 b.
884 1312 999 1389 Φερειν
1020 1307 1058 1368 δὲ
1086 1304 1146 1390 τὴν
1177 1304 1276 1383 νῆσοι·
1295 1299 1350 1361 καὶ

129 1417 236 1481 siorc
256 1418 457 1495 suggestu
486 1414 646 1493 lanigerae
668 1430 718 1476 ar·
767 1405 810 1468 τοὶ
833 1405 955 1487 δένδρα
975 1406 1018 1467 εδ
1036 1402 1191 1488 §propina
1209 1397 1350 1462 πολλά.

128 1515 222 1580 bores
233 1514 316 1579 aiio
328 1513 439 1577 modo
452 1528 561 1592 quam
575 1513 717 1577 Serum.
771 1507 886 1567 Ταῦτα
898 1505 936 1567 δὲ
949 1504 1073 1586 φύλλον
1091 1506 1153 1583 μὲν
1167 1503 1253 1580 ἔχειν
1268 1518 1351 1576 παρ

128 1611 187 1676 His
206 1610 281 1676 lolia
311 1611 535 1677 infecunda
560 1629 657 1692 quae,
686 1612 718 1676 ni
765 1600 877 1683 όμοιον
896 1606 937 1686 τῇ
958 1602 1096 1683 α’μπιλῳ
1125 1599 1211 1688 πλὴν
1226 1596 1350 1679 μικρὸν,

128 1711 250 1776 minora
280 1715 405 1789 essent,
434 1710 542 1775 vitium
569 1716 718 1792 poterant
767 1702 895 1783 καρπὸν
928 1701 965 1764 δὲ
994 1701 1113 1765 οὐδένα
1139 1708 1256 1783 φέρειν.
1301 1702 1352 1765 Ἐν

128 1810 238 1874 videri.
258 1809 718 1874 Feruntmalicetoneiam·
767 1788 795 1882 ei
823 1800 861 1862 ab
888 1801 925 1863 “i
958 1803 1043 1881 ἔριον
1078 1801 1188 1884 ἡλίκοι·
1226 1801 1351 1901 Q

128 1924 284 2007 plitudine
300 1924 492 2006 cucurbitas,
513 1945 593 2007 quae
614 1931 717 1989 matu·
765 1916 1166 2015 annnrrwmlc.
1195 1915 1297 1983 Ὅταν
1313 1917 1351 1979 δὲ

129 2025 227 2089 ritate
241 2032 355 2104 raptae
369 2025 540 2089 ostendunt
560 2022 716 2104 lanuginis
765 2031 884 2111 ιδραϊον
912 2021 948 2115 ᾗ,
989 2032 1259 2097 ἐκπετάννυσθαι
1298 2032 1352 2094 καὶ

130 2123 227 2204 pilas,
241 2123 407 2203 exquibus
419 2132 524 2188 restes
540 2123 719 2224 Q

129 2238 261 2303 linteo
279 2237 409 2304 faciunt.
443 2238 719 2330 Arborcmvo·

131 2362 226 2420 cant
270 2354 548 2436 gossypinum,
599 2356 719 2420 ferti·

130 2453 234 2518 licre
262 2454 385 2518 ctiam
415 2452 514 2533 Tylo
549 2454 718 2532 minore,

131 2571 230 2634 quac
253 2539 440 2616 distatX
460 2570 489 2632 p.

172 2667 208 2719 c.
249 2650 349 2716 Iuba
387 2653 491 2716 circa
531 2648 718 2714 fruticem

769 2131 904 2212 ἐξαίρειν
934 2131 972 2194 τδ
1007 2133 1106 2212 ἔριον,
1148 2132 1185 2207 ἐξ
1222 2120 1262 2194 οὖ
1293 2131 1353 2203 τδς

770 2229 922 2302 σινδόνας
950 2229 1141 2312 ὑφαίνουσι,
1181 2231 1250 2303 τας
1278 2233 1352 2309 μὲν

769 2344 953 2419 εδτελεΐς
978 2347 1045 2419 τοὶς
1072 2346 1117 2408 δὲ
1139 2346 1353 2410 πολειτεία-

769 2461 930 2534 σταται

808 2653 973 2712 Γίνεται
1003 2648 1048 2711 δὲ
1075 2651 1197 2711 τοῦτο
1218 2649 1286 2710 καὶ
1307 2649 1352 2711 ἐν

132 2750 360 2831 lanuginem
385 2767 474 2814 csse
497 2748 627 2813 tradit
649 2748 718 2812 iin-
761 2747 901 2821 Ινδοῐς
929 2744 1065 2826 ὥσπερ
1102 2746 1252 2828 ἐλέχθη
1284 2745 1350 2808 καὶ

133 2854 332 2930 tuaqueea
348 2848 501 2913 indicis
519 2851 719 2928 praestan·
769 2848 811 2911 ἐν
834 2847 1000 2927 Ἀραβίᾳ.

133 2948 253 3030 tiara,
278 2945 459 3012 ‘Arabiae
498 2952 629 3010 autem
662 2964 720 3009 er-

135 3047 285 3127 bor'em,
331 3064 376 3111 ex
406 3064 482 3129 qua
510 3044 720 3110 vestcsia·

133 3147 263 3228 ciunt,
286 3163 413 3238 cynas·
432 3145 594 3225 vocari,
621 3145 721 3209 lolio

133 3246 289 3327 palmae
320 3244 456 3310 simili.
503 3244 568 3309 Sic
595 3244 721 3308 iudos

134 3364 227 3411 suec
251 3343 424 3409 arbores
445 3345 640 3408 vestiunt.

216 3451 304 3516 Haec
329 3451 439 3515 ultima
472 3468 596 3515 sensum
626 3469 686 3514 non
717 3449 841 3513 habent.
896 3447 973 3513 Post
999 3448 1113 3513 ‘ludos'
1144 3450 1351 3529 supplendum

72 3602 77 3607 -
137 3558 261 3623 videtur
279 3557 323 3623 ‘et
346 3556 486 3637 Arabes',
512 3541 595 3638 quod
625 3562 754 3638 propter
783 3553 914 3619 similem
937 3556 1074 3620 sonitum
1099 3561 1193 3636 atque
1215 3557 1351 3636 speciem

135 3665 216 3730 vocis
242 3663 390 3729 ‘arbores'
418 3663 595 3741 intercidit,
627 3666 663 3726 ut
688 3669 773 3727 recte
802 3661 942 3741 legatur:
977 3663 1038 3727 ‘Sic
1059 3663 1153 3725 indos
1176 3668 1208 3726 ct
1230 3663 1350 3727 Arabes

134 3788 211 3836 suae
233 3771 362 3836 arbores
384 3770 540 3849 vcstiunt',
563 3787 643 3850 quae
665 3768 761 3832 vcrba
775 3775 849 3849 post
870 3774 964 3832 antea
987 3768 1071 3833 dicta
1090 3769 1207 3833 bonum
1225 3786 1350 3833 sensum

89 3858 94 3865 ¹
134 3876 292 3957 praebent.
334 3874 480 3941 Necnon
498 3875 625 3940 iuvetur
642 3892 678 3938 ea
698 3877 877 3939 coniectura
898 3875 1002 3939 verbis
1021 3875 1239 3955 Theophrasti,
1260 3893 1350 3956 quac,

72 4046 75 4053 .
134 3983 195 4047 etsi
216 3984 248 4046 in
269 3980 380 4047 Plinio·
394 3999 456 4045 non
476 3987 569 4059 sunt,
602 3987 705 4046 tamen
736 3981 784 4045 his
806 3980 903 4045 Iubae
932 3982 1034 4062 aliquo
1057 3982 1148 4046 modo
1172 3981 1351 4045 cohaerent.

134 4091 236 4169 Atque
266 4106 332 4153 rem
359 4089 406 4153 ita
436 4087 614 4169 intellego,
639 4094 674 4152 ut
703 4087 781 4151 Iuba
813 4089 845 4151 in
876 4088 1113 4169 Androsthcnc,
1143 4086 1352 4168 Theophrasti

133 4197 236 4276 fonte,
267 4195 319 4281 (cf.
350 4194 385 4261 O.
416 4194 458 4277 pl.
487 4195 533 4276 H,
555 4201 592 4274 5,
617 4200 635 4260 5
665 4193 684 4258 ὃ
712 4195 818 4278 ἔλεγεν
847 4195 1080 4281 Ἀνδροσθένης
1109 4196 1194 4281 ὑπὲρ
1220 4199 1286 4258 τῶν
1314 4198 1350 4260 ἐν
