2962 4696
715 291 796 351 261

126 466 157 530 in
176 466 249 548 ipsa
267 466 373 547 Creta,
394 470 495 531 otest
516 475 629 534 natura
652 445 708 534 bo?
746 464 747 469 ’
797 470 842 533 δὲ
864 467 910 535 ον’
929 469 1187 553 βλαστάνειν
1208 471 1344 558 αὐτήν

126 565 244 630 minum
273 565 422 631 novitatis
448 566 557 650 avida,
588 568 707 648 platani
770 565 882 650 ,ἅμα
919 573 1011 642 ταῖς
1050 564 1198 643 ἄλλαις
1237 570 1343 635 alltc?

125 669 214 728 satae
269 664 497 745 degeneravere
510 667 534 749 ¹)
589 668 709 748 vitium,
798 668 903 750 perol
928 667 1041 733 adua.

125 762 419 845 quandognidem
438 766 708 831 commendatio
758 774 898 848 Λέγεται
920 767 1032 830 δὲκαὶ
1054 767 1091 830 ἐν
1114 766 1236 848 Κύπρῳ
1260 768 1343 833 πλά-

125 861 285 927 arboris
305 863 390 928 eius
406 881 479 928 non
496 865 573 929 alia
588 866 712 930 maior
759 889 854 939 τανος
875 857 960 931 εἶναι
979 864 1121 950 τοιαύτη.

63 990 66 997 ·
125 967 205 1041 est,
243 979 355 1042 qnam
395 961 505 1027 soles
544 969 712 1030 aestate

47 1100 51 1106 ,
124 1076 281 1142 arcere,
315 1060 444 1126 hieme
474 1063 711 1129 admittere.

210 1191 297 1269 Quae
317 1192 370 1258 ille
399 1194 499 1258 tradit
522 1194 560 1261 de
582 1212 699 1276 quercu
721 1194 892 1276 Sybarim,
922 1193 980 1257 hoc
1001 1192 1126 1273 quidem
1149 1194 1216 1259 loco
1238 1195 1344 1259 omisit

127 1307 244 1383 noster,
267 1303 321 1371 sed
344 1311 457 1371 narrat
470 1306 553 1385 XVI,
571 1311 608 1370 81
632 1306 698 1371 his:
718 1306 763 1387 tIn
781 1305 921 1370 Thurino
943 1323 1030 1385 agro,
1053 1303 1105 1368 ubi
1123 1301 1252 1382 Sybaris
1272 1301 1344 1380 fuit,

125 1426 163 1472 ex
183 1409 251 1490 ipsa
272 1408 357 1489 urbe,
375 1405 623 1503 prospiciebatur
645 1431 779 1496 quercus
796 1429 869 1491 una,
894 1429 1063 1493 numquam
1085 1408 1159 1473 lolia
1180 1408 1342 1472 dimittens

125 1532 182 1580 nec
210 1520 285 1579 ante
313 1515 446 1581 mediam
476 1523 631 1583 aestatem
661 1519 847 1599 germinans,
890 1517 988 1598 quue
1010 1518 1121 1580 mirum
1143 1520 1193 1579 est
1212 1514 1343 1579 Graecis

125 1621 306 1686 auctoribus
326 1622 481 1703 proditum
503 1625 586 1705 apud
610 1643 665 1689 nos
687 1630 798 1707 postea
820 1624 923 1690 sileri’.

208 1751 266 1817 His
286 1753 388 1817 verbis
410 1755 557 1834 proximis
578 1755 721 1835 quamvis
748 1755 895 1819 libentius
916 1753 1040 1838 quidem
1066 1758 1172 1816 noster
1194 1749 1343 1817 hocloco

27 1920 34 1929 ,
125 1856 229 1938 illum,
260 1859 286 1922 si
308 1877 377 1924 eum
398 1860 554 1939 excussit,
583 1861 758 1942 inspexisse
783 1868 817 1925 et
835 1859 1042 1940 amplificasse
1064 1857 1205 1937 videtur,
1236 1863 1342 1920 tamen

9 2044 11 2049 ⁴
126 1968 255 2028 notatur
275 1964 343 2029 eius
364 1966 493 2032 incuria.
536 1967 625 2044 Quod
651 1968 733 2032 enim
762 1968 896 2032 miratur
918 1985 937 2030 a
957 1964 1104 2030 Romanis
1127 1962 1227 2042 sileri,
1255 1961 1341 2026 idem

125 2075 230 2133 exstat
253 2071 283 2134 in
304 2070 456 2138 Varronis
479 2072 518 2136 de
539 2090 573 2139 re
594 2076 714 2139 rustica
734 2074 812 2138 libro
835 2073 872 2156 (1,
893 2072 924 2155 7)
946 2091 966 2136 a
987 2071 1087 2135 Plinio
1111 2087 1221 2148 magno
1244 2086 1341 2148 opere

126 2184 283 2256 usurpato,
307 2178 359 2242 ubi
382 2179 460 2243 haee
482 2180 646 2260 leguntur:
677 2181 796 2261 ,Itaque
818 2179 931 2244 Cretae
959 2178 999 2242 ad
1023 2177 1197 2257 Gortynam
1227 2176 1342 2240 dicitur

125 2282 288 2362 platanum
313 2302 398 2365 esse,
426 2303 507 2366 quae
530 2285 603 2349 lolia
624 2285 725 2349 hieme
747 2305 808 2350 non
828 2286 965 2349 omittat.
1006 2285 1147 2363 itemque
1170 2283 1202 2346 in
1226 2280 1340 2364 Cypro,

126 2393 162 2451 ut
184 2388 419 2470 Theophrastus
441 2394 496 2468 ait,
519 2409 590 2455 una.
633 2391 712 2455 Item
734 2390 854 2469 Sybari,
876 2391 930 2473 qui
953 2408 1034 2455 nunc
1051 2387 1160 2452 Thurii
1184 2389 1341 2468 dicuntur,

125 2511 257 2575 querens
279 2495 371 2560 simili
391 2513 461 2560 esse
485 2503 613 2575 natura,
632 2513 713 2578 quae
737 2502 787 2562 est
808 2499 839 2561 in
859 2497 965 2578 oppidi
988 2475 1171 2576 conspectn'.

208 2625 293 2690 Haec
323 2643 475 2706 exponere
504 2626 585 2691 volui
615 2627 755 2708 exempla
783 2645 899 2708 pauca,
927 2627 1040 2708 quibus
1069 2625 1149 2690 Plini
1179 2625 1344 2690 festinatio

126 2736 220 2812 atque
244 2732 362 2796 incuria
382 2731 566 2814 illustretur,
586 2733 708 2815 quibus,
731 2733 792 2798 etsi
814 2751 961 2798 numerus
983 2731 1073 2797 facile
1094 2731 1201 2810 augeri
1223 2736 1342 2810 potest,

125 2842 304 2902 contentum
326 2855 394 2902 csse
417 2837 530 2902 licebit
571 2839 638 2902 Hoc
660 2845 782 2904 tantum
803 2839 918 2904 addere
939 2840 969 2902 in
992 2838 1096 2902 animo
1119 2843 1168 2901 est
1189 2838 1250 2900 iam
1273 2842 1341 2901 toto

125 2943 233 3008 habitu
257 2945 422 3024 utriusque
442 2944 512 3008 libri
533 2945 647 3026 ubique
666 2945 876 3025 lereludicari
899 2945 1149 3009 maturationem.
1193 2943 1243 3006 lta
1257 2943 1339 3007 enim

125 3048 259 3114 elocutio
281 3058 329 3114 est
352 3051 508 3130 neglecta,
534 3057 571 3116 ut
593 3052 749 3115 interdum
771 3052 946 3116 coniunctio
966 3068 1096 3131 prorsus
1116 3048 1181 3113 fere
1203 3047 1341 3127 deficiat,
1375 3085 1381 3092 -

126 3161 287 3235 totumque
324 3157 473 3236 praebeat
507 3157 640 3238 speciem
674 3159 828 3238 congeriei
855 3163 1034 3222 notatorum
1062 3163 1275 3236 correptorum
1308 3161 1340 3218 et

125 3263 191 3326 sine
215 3262 277 3326 ulla
299 3282 373 3327 cura
405 3265 557 3328 orationis
585 3263 772 3329 festinanter
793 3265 1051 3329 continuatorum.
1094 3264 1181 3329 Istud
1205 3264 1341 3328 maxime

126 3369 209 3432 valet
232 3369 270 3433 de
291 3371 466 3450 posteriore
487 3377 579 3452 parte
599 3371 670 3434 libri
694 3372 780 3434 tertii
803 3372 922 3435 decimi.

208 3495 243 3558 In
275 3495 475 3558 festinatione
499 3501 563 3559 tam
587 3495 754 3575 conspicua
780 3495 877 3573 ratio,
905 3513 984 3576 quae
1011 3497 1093 3560 luter
1114 3496 1227 3560 multos
1257 3497 1341 3562 locos

124 3600 206 3665 Plini
236 3607 268 3665 ct
290 3600 499 3682 Theophrasti
531 3601 713 3678 intercedit,
743 3602 821 3664 satis
850 3602 996 3666 notabilis
1024 3609 1081 3666 est.
1123 3603 1204 3666 Nam
1234 3605 1259 3667 si
1289 3602 1342 3670 hic

127 3708 241 3773 multas
260 3727 310 3772 res
327 3707 367 3771 ab
385 3708 437 3771 illo
455 3715 620 3773 enarratas
638 3708 764 3786 omittit,
785 3709 847 3772 alia
862 3708 961 3789 addit,
981 3727 1062 3790 quae
1080 3709 1167 3773 illum
1185 3709 1343 3789 deficiunt,

124 3814 151 3878 si
169 3814 300 3894 deniqne
321 3815 480 3878 materiem
500 3834 630 3895 prorsus
648 3816 741 3880 aliter
757 3815 882 3895 digerit,
905 3820 941 3878 ut
962 3815 1038 3879 nihil
1059 3815 1125 3879 fere
1140 3816 1249 3879 eodem
1271 3815 1341 3882 loco

195 4027 220 4096 l)
238 4027 403 4081 Emondavil
421 4027 459 4082 lo.
474 4027 591 4081 Mueller
616 4026 662 4095 (ci.
683 4025 900 4083 Emendationen
919 4043 966 4080 aur
985 4025 1128 4082 Naturalis
1152 4025 1268 4083 historia
1291 4025 1344 4081 des

123 4112 242 4180 Plinius,
263 4113 444 4174 Vindobouaa
465 4114 656 4189 1877,p.17y.
