2962 4696
715 282 756 342 30

127 453 251 517 tandem
270 453 443 531 momentis,
467 456 505 516 ut
522 471 672 518 conexum
688 454 930 535 pulcherrimum
940 454 1149 535 Theophrasti
1164 454 1209 518 ita
1229 453 1341 519 discin-

126 559 216 625 deret
240 558 397 640 aliterque
427 558 527 624 dcnuo
557 560 802 640 consarcinaret,
824 564 1003 625 ‘commotus
1028 561 1079 625 sit.
1122 560 1231 642 Neque
1259 561 1341 625 enim
1369 566 1378 573 ‘

125 666 322 730 meliorasse
344 665 425 730 Plini
454 665 530 730 ordo
560 665 618 732 dici
641 672 759 749 potest,
790 686 845 733 nac
875 668 902 731 is
923 668 1050 732 omniuo
1079 666 1208 731 cundem
1242 685 1343 749 usque

124 773 264 838 ordinem
286 778 410 854 servat,
430 773 483 838 sed
505 791 634 854 prorsus
657 791 733 838 casu
755 775 821 839 sine
843 774 966 838 licentia
990 773 1123 838 ducitur.

203 879 274 943 Non
298 879 390 944 aliter
410 879 609 944 iudicandum
634 885 684 945 est
705 880 742 944 de
764 881 811 961 iis,
833 898 915 961 quae
937 880 986 944 hic
1007 881 1142 961 scriptor
1156 878 1263 944 omisit
1286 883 1344 943 aut

123 986 254 1051 addidit.
298 985 494 1069 Quamquam
515 1005 596 1067 quae
624 986 729 1051 omisit
754 1004 847 1068 saepe
868 986 974 1052 studio
1003 987 1165 1051 brevitatis
1192 990 1226 1050 et
1253 985 1343 1050 lesti-
1384 1048 1388 1053 .

38 1134 43 1140 -
125 1092 251 1157 natione
266 1091 417 1156 declarari
435 1098 578 1172 possunt.
621 1092 850 1156 Interciderunt
864 1111 914 1156 rcs
929 1093 1079 1173 singulae,
1100 1093 1216 1173 quibus
1232 1110 1343 1175 super-

126 1198 245 1263 sedisse
268 1216 338 1262 eum
362 1198 435 1269 licet
456 1204 581 1280 putare,
601 1199 648 1263 vel
672 1217 722 1263 res
745 1201 812 1280 ipsa
837 1205 959 1264 tantum
980 1199 1127 1281 retertur,
1148 1200 1272 1264 omissis
1294 1201 1343 1279 iis,

126 1322 206 1385 quae
239 1303 322 1384 apud
351 1302 599 1385 Theophrastum
636 1306 702 1370 eius
738 1305 913 1386 explicandi
949 1322 1046 1370 causa
1073 1306 1246 1371 adduntur.
1299 1306 1344 1373 Ut

126 1410 265 1490 exemplo
295 1415 435 1487 utamur,
463 1408 531 1475 loco
561 1413 701 1492 proxime
724 1430 854 1477 excusso
885 1412 965 1495 (llll,
978 1411 1034 1495 37)
1061 1412 1180 1477 Plinius
1213 1411 1344 1477 arbores

126 1515 198 1580 illas
219 1516 392 1597 asperitate
410 1534 563 1598 aquarum
586 1517 626 1582 ali
649 1535 750 1581 rerum
775 1520 967 1598 argumentis
985 1536 1138 1599 apparere
1159 1519 1215 1600 ait,
1238 1517 1345 1585 Theo·

127 1622 275 1704 phrastus
304 1628 491 1704 argumenta
517 1624 585 1703 ipsa
614 1623 746 1688 exhibet.
793 1624 862 1703 XII,
880 1628 920 1688 60
948 1624 978 1688 ln
1010 1624 1119 1689 insulis
1151 1630 1202 1689 tus
1232 1624 1344 1711 melius

127 1729 212 1810 gigni
236 1731 352 1808 tradit,
380 1729 431 1793 ille
452 1730 579 1810 exponit
603 1729 673 1811 (IX,
691 1735 721 1809 4,
734 1729 789 1812 4),
817 1749 872 1795 cur
893 1730 926 1795 id
948 1730 1013 1794 hat.
1056 1714 1219 1811 Epitomae
1241 1730 1344 1796 Theo

128 1835 248 1916 phrasti
270 1835 414 1899 videntur
443 1841 568 1899 exstare
590 1836 659 1914 XII,
676 1840 732 1901 34:
763 1838 801 1901 de
829 1839 950 1918 liquore
978 1839 1087 1918 spinae
1117 1838 1213 1902 oculis
1243 1837 1344 1902 caeci-

128 1947 226 2005 tatem
256 1939 409 2005 inl'erente
435 1940 607 2023 (Theophr.
631 1941 683 2023 IV,
694 1941 791 2025 4,]3)
818 1949 850 2007 ct
869 1943 1007 2024 hillo:
1040 1945 1079 2008 de
1107 1944 1266 2025 rigatione
1299 1944 1345 2008 iu·

128 2049 214 2113 sulae
235 2047 305 2130 Tyli
327 2046 495 2129 (Theophr.
518 2047 572 2129 IV,
588 2049 674 2128 7,8).
993 2121 996 2127 .

210 2153 270 2219 Sed
298 2159 450 2238 quantum
481 2154 600 2219 Plinius
629 2156 660 2219 in
688 2153 746 2220 hoc
775 2154 834 2220 sibi
862 2173 924 2225 nou
953 2161 1128 2235 constaret,
1155 2157 1217 2221 iarn
1246 2173 1344 2239 supra

127 2261 338 2343 probavimus.
380 2260 486 2324 Unum
504 2266 628 2326 tantum
642 2262 817 2342 exemplum
839 2261 899 2326 huc
919 2261 1042 2327 adicere
1059 2263 1174 2335 liceat
1203 2264 1291 2347 Xlll,
1304 2269 1345 2330 54

128 2367 277 2434 describit
299 2366 526 2449 terebinthum,
556 2369 697 2448 proxima
719 2369 917 2450 paragrapho
939 2370 1020 2434 rhun
1037 2368 1082 2452 ¹)';
1112 2377 1247 2453 utroque
1274 2371 1345 2438 loco

128 2475 228 2539 multo
256 2473 379 2538 brevior
407 2479 456 2538 est
485 2473 705 2555 Theophrasto
728 2474 802 2558 (ill,
825 2480 872 2554 15,
888 2481 968 2540 4-5
998 2482 1031 2540 et
1055 2481 1101 2554 18,
1121 2479 1165 2556 5).
1215 2476 1276 2543 Sed
1299 2479 1345 2543 vi-

128 2580 266 2662 deamus,
283 2599 375 2661 quam
389 2586 514 2646 secutus
529 2581 570 2645 sit
585 2582 738 2646 rationem
755 2583 786 2647 in
799 2581 975 2647 breviando.
1005 2583 1093 2661 Quae
1105 2583 1344 2665 Theophrastus

128 2687 225 2753 habet
245 2689 284 2751 de
305 2686 391 2767 flore,
415 2688 446 2751 in
470 2687 523 2752 illo
546 2688 621 2770 (54)
643 2689 798 2769 excerpsit
820 2689 852 2752 in
873 2688 933 2754 hoc
956 2688 1030 2772 (55)
1053 2689 1205 2771 neglexit,
1232 2698 1345 2757 contra

128 2794 167 2858 dc
188 2795 252 2859 situ
275 2800 308 2858 et
339 2795 540 2859 collocatione
571 2793 715 2858 foliorum
737 2813 817 2876 quae
845 2795 896 2859 ille
924 2795 1089 2876 diligenter
1118 2801 1252 2877 utroque
1273 2797 1344 2864 loco

128 2900 272 2980 exponit,
306 2899 355 2965 hic
378 2899 452 2982 (55)
483 2901 622 2964 enotavit
653 2900 716 2965 illic
744 2899 817 2983 (54)
847 2902 1069 2982 praetermisit.
1119 2901 1187 2979 Quo
1216 2902 1246 2967 in
1276 2903 1344 2969 solo

127 3007 243 3087 optime
273 3005 377 3070 alatur
399 3006 474 3071 rhus
498 3005 590 3089 (55),
613 3006 698 3088 silet,
732 3026 858 3086 verum,
893 3008 945 3072 ubi
978 3007 1171 3073 terebinthus
1195 3015 1345 3075 nascatur

128 3111 203 3195 (54)
223 3130 364 3192 magnus,
389 3112 441 3176 ubi
455 3130 581 3194 parvus,
603 3113 737 3177 exhibet.
781 3113 871 3177 Talia
885 3114 959 3178 locis
979 3114 1125 3196 deinceps
1141 3115 1344 3196 sequentibus

128 3210 325 3301 deprehensa
352 3219 401 3285 vel
432 3237 571 3284 summae
599 3219 735 3284 incuriae
763 3221 924 3301 scriptoris
948 3256 985 3267 -
1007 3227 1103 3301 atque
1127 3221 1204 3285 satis
1232 3221 1345 3287 leviter

128 3343 162 3390 se
192 3326 325 3407 gessisse
346 3325 480 3390 Plinium
509 3344 604 3407 supra
634 3327 883 3391 demonstratum
914 3333 963 3391 est
988 3345 1119 3392 -num
1148 3333 1240 3408 putas
1269 3346 1345 3393 con-

129 3431 276 3496 donanda
297 3429 388 3496 esset
429 3432 582 3513 Equidem
604 3432 629 3496 si
653 3433 684 3498 id
709 3433 837 3497 credere
858 3450 1002 3514 cogerer,
1030 3435 1079 3497 cui
1109 3433 1239 3499 tandem
1264 3433 1347 3500 bono

129 3538 177 3603 hic
198 3537 372 3602 naturalem
389 3538 550 3602 historiam
570 3537 763 3620 confecisset,
785 3556 915 3619 prorsus
937 3540 1098 3604 nescirem.
1140 3540 1224 3620 Ergo
1240 3539 1346 3605 Theo·

131 3645 281 3726 phrastus
303 3644 349 3709 his
371 3643 444 3709 locis
467 3662 527 3709 uon
542 3644 659 3710 subest.
705 3646 744 3709 ht
766 3646 793 3711 si
815 3647 884 3727 quis
907 3652 1021 3725 tamen,
1044 3646 1119 3711 illud
1143 3652 1178 3711 ut
1201 3646 1346 3729 accipiat,

201 3831 225 3900 l)
244 3831 342 3886 verba:
367 3830 443 3885 ‘rhus
468 3831 548 3901 Syria
575 3831 698 3886 mascula
722 3832 776 3887 lert
800 3831 888 3888 sterili
912 3831 1022 3888 femina’
1047 3831 1211 3902 hdayhoffius
1236 3848 1346 3887 summo

129 3917 189 3972 lure
206 3916 367 3972 emendavit
384 3917 589 3986 transponendo
608 3917 691 3972 verba
705 3918 771 3972 ‘fert
791 3917 897 3984 sterili';
923 3936 989 3974 nam
1014 3918 1144 3973 feminam
1161 3917 1232 3972 ferre
1253 3917 1346 3973 sterili

129 4003 252 4059 mascula
270 4002 361 4059 verbis
380 4001 549 4074 paragraphi
568 4001 665 4072 prioris
682 4002 802 4058 efficitur
821 4004 882 4059 coll.
902 4003 1038 4074 Theophr.
1057 4003 1117 4070 (ΙΙΙ,
1137 4003 1178 4068 18,
1197 4004 1224 4071 b)
1250 4003 1297 4072 τῆς
1316 4005 1346 4057 dl

130 4089 177 4161 poi
195 4089 224 4142 τὸ
242 4090 290 4152 μὶν
309 4087 399 4162 ἄρρεν,
424 4090 453 4141 cd
471 4090 499 4142 dd
518 4087 589 4157 θῆλυ
606 4088 707 4142 sulcum
726 4091 763 4161 τῷ
787 4092 816 4143 τὸ
833 4091 880 4152 μὲν
899 4090 1013 4164 ἄκαρπον
1034 4081 1098 4143 εἶναι
1117 4092 1145 4142 τὸ
1163 4089 1191 4140 dl
1209 4087 1346 4158 κάρπιμον.
