2962 4696
713 285 753 343 22

126 450 305 533 plantarum
333 455 403 521 usui
430 473 490 521 uon
519 455 615 523 inisse
640 457 671 523 in
694 457 774 522 Piini
796 458 835 522 de
856 456 1023 522 arboribus
1045 458 1220 539 peregrinis
1242 457 1342 536 libris,

13 556 18 567 '
127 561 293 626 verisimile
313 560 350 626 fit
368 561 497 627 eandem
516 581 555 628 ne
569 563 599 627 in
616 564 728 629 ceteris
744 564 868 645 quidem
886 564 1038 628 uniuersis
1055 565 1216 646 scrIptorIs
1231 563 1341 628 nostri.

126 668 239 750 Itaque
269 668 344 733 mihi
377 686 439 735 non
471 669 543 736 licet
572 675 753 736 contentum
783 687 853 735 esse
884 671 984 750 capite
1014 688 1111 751 supra
1143 670 1256 736 collato
1286 671 1342 735 sed

126 774 350 856 perlustranda
373 782 449 842 sunt
469 784 574 842 cetera
596 764 699 841 omnia
721 781 778 840 aut
800 775 913 841 saitem
934 793 1039 840 eorum
1061 776 1162 841 maior
1184 795 1342 842 numerus.

209 880 400 963 Priusquam
435 889 540 948 autem
570 883 652 947 hauc
688 882 837 947 adeamus
868 882 1097 963 quaestionem,
1138 901 1264 948 necesse
1293 888 1344 948 est

128 978 298 1068 disserere,
326 988 400 1068 quid
422 1006 537 1070 operae
558 994 664 1052 noster
686 989 717 1052 iu
738 985 786 1051 his
809 987 896 1053 libris
917 989 1162 1069 consumpserit,
1188 989 1267 1053 etsi
1290 1007 1344 1069 op·

21 1166 23 1171 ,
127 1094 291 1176 probrium
320 1094 432 1159 nimiae
460 1093 670 1159 festinationis
691 1094 882 1174 minorisque
901 1093 1081 1173 diligentiae
1110 1095 1204 1158 etiam
1227 1094 1268 1158 de
1296 1094 1344 1158 his
1382 1137 1388 1142 -

75 1259 90 1286 ‚,
126 1200 215 1266 libris
225 1200 381 1266 sustinere
399 1201 548 1266 inanimo
566 1206 624 1281 est,
640 1201 671 1264 id
689 1201 784 1266 certis
796 1200 982 1265 testimoniis
996 1199 1343 1265 estdemonstrandum.

127 1307 270 1373 Profecto
298 1306 358 1373 dici
386 1307 438 1371 ille
459 1313 628 1388 potestne
650 1308 680 1372 iu
702 1306 752 1371 his
774 1305 898 1387 quidem
920 1306 1007 1371 libris
1030 1306 1141 1371 nimiae
1163 1306 1344 1387 diligentiae

127 1431 201 1479 reus
223 1412 300 1479 fieri.
341 1413 407 1478 Iam
430 1431 527 1495 supra
550 1414 667 1478 mentio
688 1412 773 1477 iactu
793 1419 843 1478 est
863 1411 984 1494 halani,
1015 1430 1108 1493 quam
1132 1413 1219 1494 XIII,
1233 1417 1275 1476 61·
1294 1413 1346 1479 hIc

127 1520 229 1586 obiter
251 1525 485 1599 commemorat,
506 1538 573 1585 cum
596 1520 657 1583 iam
679 1524 773 1583 antea
794 1537 862 1583 eam
884 1518 1085 1599 descripsisse
1107 1518 1169 1600 sihi
1188 1519 1345 1600 videatur,

41 1648 44 1655 ·
128 1645 229 1709 neque
246 1626 343 1691 sentit
357 1625 451 1706 louge
465 1626 607 1691 diversas
618 1643 686 1690 esse
704 1623 842 1703 arbores,
864 1623 987 1705 quibus,
1006 1631 1042 1689 ut
1059 1623 1125 1689 fere
1145 1624 1241 1689 fiebat
1259 1625 1345 1706 apud

128 1736 268 1812 retorsa,
298 1731 337 1797 ab
358 1715 631 1796 atiis'auctoribus
652 1731 733 1795 idem
754 1748 865 1794 nomen
889 1729 995 1794 datum
1018 1735 1096 1796 erat.
1140 1731 1238 1807 Quam
1262 1732 1344 1795 enim

130 1837 367 1919 Theophrastus
398 1842 490 1902 vocat
521 1836 669 1901 balanum
703 1837 813 1916 (nuncz
847 1835 1088 1917 Hyperanthera
1117 1827 1287 1919 Moringa)
1306 1855 1345 1901 ea

128 1944 211 2010 iuter
241 1944 471 2025 moringaceas,
507 1961 587 2024 quae
619 1949 786 2023 vocantur,
824 1942 965 2022 ducitur,
1001 1942 1112 2022 quibus
1142 1942 1267 2008 habitus
1296 1949 1346 2010 est

128 2049 410 2132 papilionacearum
441 2049 656 2131 apalmarum
683 2067 832 2131 perquam
860 2049 989 2113 alienus.
1038 2049 1138 2113 Porro
1160 2049 1187 2112 si
1208 2048 1346 2129 pistacia

130 2156 282 2237 (Pistacia
304 2174 380 2221 vera
401 2155 451 2238 L.)
473 2155 547 2237 huic
568 2155 662 2238 ‘nota’
682 2161 764 2230 erat,
784 2161 819 2220 ut
840 2173 858 2218 e
879 2155 969 2236 XIII,
986 2159 1022 2218 51
1046 2154 1187 2220 concludi
1209 2154 1346 2237 videtur,

129 2261 374 2343 exspectandum
403 2261 464 2324 fuit
485 2278 547 2326 nou
568 2260 715 2341 effugisse
738 2278 826 2339 eum,
854 2260 1022 2340 quodiam
1044 2261 1120 2342 XII,
1142 2260 1181 2325 25
1212 2261 1346 2327 eandem

130 2367 272 2432 arborem
294 2403 333 2413 —
355 2367 423 2431 siue
448 2367 571 2430 nouriue
597 2366 721 2446 quidem
747 2400 786 2411 —
807 2366 1025 2447 descripserat.
1070 2365 1146 2431 Cum
1170 2367 1286 2430 PIInius
1312 2372 1346 2431 et

49 2548 52 2553 ¹
130 2472 186 2537 hos
209 2471 324 2553 libros,
346 2480 380 2537 ut
402 2490 498 2553 supra
520 2472 767 2537 demonstratum
787 2478 852 2552 est,
882 2472 1108 2552 composuIsset
1129 2473 1219 2537 nisus
1240 2472 1345 2538 indice

129 2585 313 2643 notatorum
329 2585 416 2644 certo
435 2577 562 2655 consilio
580 2577 808 2657 ordinatorum,
828 2577 881 2641 vix
899 2576 967 2641 fieri
988 2578 1128 2658 potuisse
1146 2584 1286 2659 putares,
1307 2586 1346 2642 ut

131 2683 263 2749 eandem
299 2685 441 2748 arborem
479 2683 586 2748 eodem
617 2683 696 2747 libro
734 2683 865 2748 diversis
897 2681 972 2749 locIs
1008 2688 1170 2769 tractaret.
1228 2684 1347 2749 Tamen

47 2782 50 2789 ’
131 2794 221 2854 tanta
243 2789 372 2855 levitate
393 2806 468 2854 usus
485 2788 524 2853 de
542 2788 687 2870 ‘styrace’
706 2788 753 2853 bis
777 2788 859 2870 (XII,
878 2792 914 2852 sl
941 2796 973 2852 et
998 2788 1172 2871 124-125)
1189 2788 1347 2872 disseruit,

130 2913 168 2959 ex
192 2895 316 2960 diverso
331 2896 498 2981 dumtasat
517 2894 619 2971 fonte;
641 2895 745 2974 priore
767 2894 846 2975 loco,
868 2899 905 2959 ut
926 2912 993 2958 sum
1007 2894 1205 2975 probaturus,
1230 2894 1348 2974 eIuba,

130 2999 230 3065 altem
258 2999 394 3065 fortasse
421 3018 460 3065 ex
487 3000 698 3080 unguentario
726 3000 869 3080 quodam.
912 2999 954 3063 Et
970 3001 1172 3065 ¹monendum
1201 3005 1251 3065 est
1279 3004 1347 3065 tum

130 3105 257 3171 odorem
272 3106 431 3186 designari
451 3124 564 3188 acrem,
588 3113 656 3171 tum
673 3125 711 3170 ex
728 3112 856 3171 austero
878 3106 1052 3174 iucundum.
1096 3106 1153 3170 His
1175 3105 1251 3170 Iocis
1269 3106 1348 3170 mihi

130 3229 315 3295 persuasum
345 3218 396 3278 est
427 3213 542 3278 librum
574 3213 791 3277 duodecimum
819 3219 893 3294 post
925 3214 1114 3294 scripturam
1141 3212 1274 3294 primam
1305 3213 1347 3277 ah

132 3325 258 3384 auctore
280 3337 340 3383 nou
358 3338 426 3384 esse
448 3324 663 3385 retractatam.
705 3318 786 3383 Nam
808 3319 834 3383 si
857 3337 916 3387 nou
939 3320 1062 3401 saepius
1085 3318 1179 3382 semel
1199 3319 1349 3384 iterasset

34 3483 38 3489 .
131 3425 288 3506 laborem,
317 3426 348 3489 in
376 3426 434 3490 hoc
461 3428 489 3491 ei
519 3425 734 3490 offendendum
762 3425 831 3490 Iuit.
873 3425 943 3489 Non
965 3426 1080 3489 desunt
1107 3429 1212 3489 uetera
1234 3425 1350 3490 menda

132 3533 353 3596 festinationis.
412 3533 557 3613 Legimus
593 3532 669 3611 XII,
699 3537 734 3596 9:
777 3531 973 3612 ,Celebratae
1001 3531 1112 3614 suut1)
1151 3533 1283 3612 primum
1314 3532 1348 3596 in
1385 3624 1388 3631 1

133 3638 342 3704 ambulatione
371 3639 556 3704 Academiae
583 3639 713 3704 Athenis
744 3638 918 3704 cubitorum
947 3638 1083 3703 XXXIII
1110 3638 1214 3711 radice
1242 3656 1348 3702 ramos

205 3832 231 3901 1)
249 3832 303 3887 Pro
319 3834 479 3901 ,celebratae
496 3836 567 3887 sunt
579 3832 703 3904 Silligius
718 3835 827 3888 secutus
839 3832 1059 3903 Theophrastum
1077 3831 1122 3901 (of.
1138 3831 1221 3886 etiam
1235 3830 1350 3884 Varron.

134 3934 184 3973 nr.
196 3917 217 3982 I,
227 3919 260 3972 37
276 3920 314 3986 tut
326 3917 532 3986 Theophrastus
545 3919 655 3984 scribat,
674 3919 792 3974 Athenis
808 3919 836 3972 in
847 3919 943 3988 Lyceo,
962 3936 1024 3973 oum
1042 3917 1126 3973 etiam
1140 3921 1206 3971 tuno
1220 3915 1351 3985 platanus

135 4004 244 4058 novella
259 4007 339 4068 esset,
358 4003 464 4058 radices
476 4004 561 4058 trium
576 4007 606 4058 et
617 4003 735 4074 triginta
747 4003 901 4058 cubitorum
915 4004 1022 4074 egisse’)
1034 4001 1191 4058 emendarit
1205 4000 1351 4068 ,celebrata

136 4096 195 4149 est’.
230 4095 359 4151 Mendum
379 4098 471 4150 ortum
489 4095 598 4150 videtur
619 4096 691 4150 falsa
708 4095 888 4150 distitutione
905 4095 980 4151 faeta
997 4111 1031 4148 ex
1052 4093 1170 4150 lectione
1189 4087 1351 4161 ,celebratae
