2962 4696
227 891 302 956 eren.
326 912 357 957 n.
378 891 406 954 u.
431 892 503 972 xri,
529 896 579 955 ac.

90 1010 93 1015 ’
137 1010 170 1062 u.
200 996 306 1063 Gentes
342 1016 439 1079 supro
470 998 570 1063 dictas
592 998 696 1061 Persis

72 1098 74 1103 '
138 1097 422 1179 attingit‚‘Rubro
448 1098 567 1176 mari,
595 1095 698 1177 quod

137 1195 185 1271 ibi
213 1197 413 1262 Persicum
457 1197 702 1273 vocavimus,

140 1291 171 1358 Ιι.
187 1296 263 1376 louge
278 1297 309 1360 in
327 1303 447 1361 terram
463 1302 572 1360 aestus
586 1300 701 1374 agente

141 1396 201 1458 mira
218 1396 360 1461 orborum
383 1401 508 1459 natura.
551 1391 583 1460 f.
607 1394 701 1457 Nam·

130 1508 314 1579 ‘que-erosae
345 1495 411 1560 saie
443 1494 572 1559 inuectis
612 1494 702 1558 dere-

143 1589 258 1674 lictisque
311 1594 428 1658 similes
478 1595 560 1659 sicco
611 1592 702 1656 litore

144 1689 272 1758 radicibus
288 1693 386 1757 'unciis
405 1692 590 1774 polyporum
611 1690 701 1755 modo

142 1789 275 1869 amplexae
306 1792 428 1856 steriles
457 1792 592 1855 harenas
615 1808 701 1871 spec·

144 1891 236 1953 tantur.
264 1891 402 1954 Eaedem
420 1883 497 1954 mari
514 1890 701 1954 adveniente

143 1983 260 2052 fluctibus
290 1991 435 2071 pulsatae
464 1990 615 2052 resistunt
646 1990 700 2052 im-

72 2109 75 2114 ·
143 2085 253 2152 mobiles.
304 2089 387 2166 ¹Quin
421 2095 453 2152 et
487 2088 578 2167 pleno
610 2096 700 2151 aestu

143 2186 302 2261 operiuntur
335 2193 441 2267 totae,
481 2204 523 2270 g.
556 2187 702 2267 aciparet-

144 2295 192 2358 que
207 2303 301 2350 rerum
320 2286 512 2366 argumentis
529 2287 701 2366 asperitate

143 2395 267 2457 aquarum
283 2385 353 2449 ilias
371 2385 421 2449 ali.
460 2400 494 2451 o.
514 2384 700 2465 Magnitudo

143 2477 260 2574 miranda
282 2491 346 2564 est,
376 2483 417 2551 el.
444 2476 565 2565 species
593 2484 702 2548 similis

143 2580 265 2662 unedoni,
281 2602 407 2665 pomum
418 2583 594 2664 amygdalis
603 2589 702 2663 extra,

144 2685 175 2736 o.
190 2676 263 2746 intus
284 2683 436 2746 contortis
459 2681 583 2747 nucleis.

703 281 743 342 29

739 455 906 537 περκαὶ
928 453 1177 537 οιὶηοίνικες.
1225 456 1331 517 Τοῦτο

737 562 799 639 μὲν
829 544 902 635 onir,
932 553 1046 636 ὥσπερ
1075 553 1215 637 εἴρηται,
1245 552 1321 633 περὶ

738 657 797 744 την
829 656 979 741 Περσίδα
1010 654 1065 717 καὶ
1098 655 1159 717 rr‘r
1189 653 1328 735 Μηδίαν

738 759 840 822 ἐστίν.

789 887 946 969 Theophr.
966 885 995 949 h.
1018 885 1060 966 pi.
1084 885 1137 965 lv,
1158 888 1288 963 'do-6.

847 1011 888 1063 a.
920 992 1002 1073 Περὶ
1031 992 1069 1054 δὲ
1096 991 1157 1077 τήν
1181 991 1332 1072 Περσίδα

749 1098 820 1183 τήν
851 1093 954 1157 nauci
976 1091 1048 1180 την
1077 1097 1332 1175 Καρμανίαν,

753 1196 792 1263 Ι).
825 1196 904 1259 καθ’
930 1191 950 1260 ὃ
984 1192 1005 1280 ἡ
1033 1193 1219 1277 πλημμυρὶς
1253 1197 1335 1274 γίνε-

750 1320 821 1376 ται,
844 1296 965 1377 δένδρα
986 1294 1079 1359 ἐστὶν
1103 1309 1139 1360 (t.
1162 1293 1334 1375 εὐμεγέθη,

752 1386 919 1476 Δ(1.»δμοια
949 1397 990 1476 τῇ
1012 1392 1182 1477 α’νδροίχλη
1204 1393 1269 1456 καὶ
1290 1396 1334 1475 τῇ

751 1499 885 1578 μορφῇ
927 1494 992 1556 καὶ
1035 1496 1118 1565 τοῖς
1157 1491 1335 1575 φύλλοις·

751 1595 880 1676 καρπδν
913 1594 950 1656 δὲ
979 1595 1045 1673 ἔχει
1081 1591 1186 1656 πολδν
1222 1587 1336 1672 ὅμοιον

751 1699 803 1775 τῷ
830 1692 1012 1775 χρώματι
1040 1695 1112 1766 ταῖς
1132 1690 1334 1772 ἀμυγδάλοις

752 1797 892 1872 ἔξωθεν,
915 1809 951 1860 θ.
973 1794 1011 1856 vd
1037 1793 1064 1854 δ’
1081 1792 1174 1866 ἐντδς
1190 1790 1334 1856 συνελίτ-

751 1916 841 1956 τεται
888 1892 1046 1972 καθάπερ
1096 1898 1337 1974 συνηρτημένον

752 1996 865 2056 πᾶσιν.
937 1987 970 2056 f.
1008 1990 1251 2072 Ὑποβέβρωται
1299 1988 1337 2050 δὲ

751 2094 857 2153 ταῦτα
877 2090 920 2152 ια’
948 2089 1069 2169 δένδρα
1091 2086 1205 2150 πάντα
1231 2087 1337 2149 κατοὶ

751 2197 875 2271 μέσον
905 2187 973 2252 δπδ
1001 2191 1058 2273 τῆς
1087 2186 1255 2269 θαλάττης
1282 2186 1336 2248 καὶ

752 2289 886 2371 ἔστηκεν
914 2289 981 2352 cinci
1009 2291 1075 2350 τῶν
1102 2287 1195 2368 ῥιζῶν
1209 2282 1337 2370 ὥσπερ

752 2387 931 2462 πολύπους.
954 2385 1057 2452 Ὅταν
1073 2387 1135 2472 γάρ
1152 2387 1172 2472 ἡ
1188 2382 1339 2467 ι’ίμπωτις

752 2497 894 2571 γένηται,
916 2492 1058 2571 θεωρεῖν
1078 2488 1178 2551 ἐστιν.
1225 2485 1338 2566 (Υδωρ

753 2588 798 2650 δὲ
832 2585 932 2662 ῥ’λιος
962 2587 1034 2652 ocia
1066 2589 1179 2650 ἔστιν
1209 2585 1251 2648 ἐν
1285 2586 1338 2664 τῷ

753 2687 875 2768 τόπῳ·
930 2686 1260 2750 καταλείπονται
1295 2683 1341 2746 δέ

752 2811 859 2862 τινες
891 2785 1084 2870 διώρυχες
1113 2785 1159 2848 δι’
1180 2772 1232 2847 οἷν
1259 2783 1338 2846 δια-

752 2888 953 2952 πλέουσιν·
988 2875 1248 2951 αιίταιδέἰσῑ
1267 2889 1338 2946 θα·

732 2988 908 3071 λάττης·
949 3004 991 3071 g.
1013 2975 1040 3068 ιρ
1058 2985 1114 3048 καὶ
1135 2984 1234 3071 δῆλον
1255 2983 1339 3046 οἴον-

752 3092 811 3150 ταί
828 3110 927 3166 τινες,
956 3082 1008 3151 ὅτι
1034 3094 1208 3168 τρέφονται
1235 3079 1339 3165 ταύτῃ

753 3186 808 3250 καὶ
838 3185 876 3250 ου’
902 3189 950 3267 τῷ
977 3182 1075 3249 ὕδατι
1101 3183 1208 3266 πλην
1240 3181 1342 3245 εἴτι

753 3290 843 3359 ταῖς
870 3285 1000 3365 ῥίζαις
1030 3284 1071 3346 ἐκ
1096 3286 1164 3356 τίς
1190 3285 1256 3367 γῆς
1286 3280 1340 3344 ἔλ-

753 3405 891 3449 κουσιν.
915 3379 1141 3464 Εὕλογονδὲ
1155 3380 1215 3443 καὶ
1233 3381 1341 3443 τοῦθ’

754 3484 937 3566 ἁλμυρδν
979 3474 1097 3546 εἶναι·
1158 3479 1224 3542 καὶ
1263 3480 1342 3560 γαρ

755 3585 846 3650 ου’δὲ
865 3584 963 3647 uacui
989 3581 1138 3664 βάθους
1166 3578 1208 3643 αἱ
1225 3579 1342 3659 ῥίζαι.

128 3717 229 3790 Tanta
249 3717 412 3782 conversio
435 3735 556 3797 rerum,
584 3735 647 3797 qua
668 3716 699 3780 hi
721 3717 778 3781 loci
800 3715 905 3781 adiecti
928 3733 996 3779 esse
1020 3712 1181 3789 videntur,
1210 3709 1344 3788 diiigen-

131 3824 236 3890 tissimi
265 3828 388 3888 tautum
419 3824 579 3903 scriptoris
609 3829 666 3888 est.
724 3824 826 3901 Quam
858 3822 898 3886 ob
926 3839 990 3885 rem
1017 3825 1088 3901 post
1118 3835 1261 3899 eaquae
1290 3835 1343 3880 ex·

127 3932 288 4016 posuimus
303 3930 437 3995 Plinium
458 3932 562 4011 ipsum
583 3948 661 4010 opus
685 3929 716 3993 id
731 3928 952 3993 difficillimum
974 3928 1006 3990 iu
1027 3944 1060 3990 se
1084 3924 1259 4005 suscepisse
1281 3941 1343 3987 uon

126 4037 321 4118 conceditur,
341 4038 529 4118 praesertim
553 4053 622 4100 curn
647 4056 685 4100 ue
706 4037 737 4100 id
759 4036 883 4117 quidem
906 4032 1073 4113 excogitari
1098 4032 1211 4112 possit,
1232 4032 1345 4112 quibus
