2962 4696
75 107 341 175 antecedente&
378 105 438 171 Sed
450 105 648 171 Academiam
663 121 734 167 eum
746 102 824 168 falso
842 102 985 185 posuisse
1001 120 1058 183 pro
1071 104 1172 187 Lyceo
1187 103 1336 170 docemur

76 212 337 295 Theophrasto
358 214 380 292 l,
402 217 465 292 7,·1
494 210 674 277 exhibente:
707 205 804 299 ἤγουν
832 212 868 275 ἐν
894 214 940 297 τῷ
961 218 1091 293 Λυκείῳ
1119 210 1140 297 ἡ
1169 213 1336 291 πλάτανος

66 318 119 403 ἠ
142 320 244 384 κατοὶ
271 319 329 384 τόν
356 319 473 399 ὀχετόν
494 322 545 397 ἔτι
563 325 623 391 νέα
643 307 728 384 οόσα
750 318 807 382 ἐπὶ
833 321 920 400 τρεῖς
944 319 998 382 καὶ
1021 318 1195 402 τριάκοντα
1220 319 1336 402 τιν’χοις

65 425 244 515 ἀφῆκεν
267 429 388 508 ἔχουσα
408 427 514 490 τόπον
536 450 572 489 τε
593 423 664 509 ἅμα
685 425 740 489 καὶ
761 423 894 512 τροφήν.
937 424 1086 491 Similiter
1108 444 1158 492 res
1183 444 1217 492 se
1238 427 1335 493 habet

64 532 199 612 2111,
212 538 283 599 100.
326 534 436 614 Thyon
460 534 526 598 sive
548 534 655 615 thyam
677 533 759 599 inter
780 533 904 597 delicias
928 530 1036 597 Circae
1056 537 1159 597 ustam
1179 539 1273 615 putat
1293 534 1333 600 ab

56 638 256 718 floruero
277 641 375 717 tradi3
400 640 455 705 sed
479 639 559 705 hanc
580 639 720 704 confudit
740 656 811 704 cum
830 636 977 719 Calypso,
996 638 1037 703 ad
1055 656 1148 720 quam
1158 639 1333 707 Mercurius

50 745 241 829 Athena
255 750 383 811 anctore
405 747 542 811 mittitur
563 764 631 810 eam
654 745 796 812 iussurus
814 744 931 810 Ulixem
952 746 983 811 in
1004 746 1141 827 patriam
1163 747 1333 825 dimittere;

46 869 128 936 is
153 851 215 917 ubi
238 846 270 917 in
293 870 417 934 specum
441 853 518 917 deae
538 853 689 917 intravit:

177 1034 180 1039 1
236 961 305 1041 πῦρ
325 963 386 1041 μὲν
407 958 460 1023 ἐπ’
482 957 663 1041 ἐσχόροφιν
684 964 767 1039 μέγα
787 960 907 1034 καίετο,
930 954 1049 1019 crtum
1068 956 1097 1019 δ’
1112 956 1200 1039 όδμό

111 1122 116 1127 .
239 1064 355 1148 κέδρον
373 1067 401 1127 τ’
418 1065 585 1130 εὐκεάτοιο
604 1062 693 1128 edon
715 1064 742 1126 τ’
758 1063 823 1127 οἷνοὶ
845 1066 946 1128 νόσον
967 1061 1087 1127 όόοόόει

238 1171 420 1250 δαιομένων
441 1220 449 1236 .
473 1221 480 1235 .
506 1219 514 1236 .
554 1170 626 1251 (od.
650 1194 675 1252 a,
697 1174 738 1234 60
754 1170 848 1251 sqq).

46 1276 200 1359 xm,
212 1281 336 1341 66-67
357 1278 397 1343 de
414 1276 595 1355 cunrmihic‚
615 1283 760 1358 utsupra
773 1276 919 1356 diximus,
939 1275 1187 1357 Theophrastum
1204 1293 1332 1357 prorsus

53 1366 261 1463 fieglerit.
305 1383 517 1467 Quaecunque
535 1383 615 1447 enim
638 1381 689 1446 ille
704 1382 742 1446 de
765 1382 823 1446 hac
844 1400 879 1446 re
899 1380 1020 1462 profert
1042 1380 1093 1464 (cf.
1115 1381 1168 1461 IV,
1181 1385 1255 1465 2,8;
1278 1381 1332 1464 IX,

62 1500 91 1558 l
109 1540 131 1569 ,
159 1490 191 1565 23
212 1488 247 1553 (l.
268 1489 310 1570 pl.
335 1488 387 1569 Vl,
407 1493 504 1567 11,15
528 1490 616 1567 cett.)
635 1506 742 1553 eorum
765 1487 815 1552 hic
836 1488 913 1552 nihil
935 1488 1105 1570 usurpavit.
1148 1488 1268 1553 Tamen
1293 1489 1332 1553 de
1425 1568 1431 1587 .

67 1594 224 1659 cummi
246 1593 399 1659 ulmorum
427 1594 561 1659 mirabili
584 1596 717 1675 quodam
747 1594 901 1659 modoad
924 1593 1174 1675 Theophrastum
1198 1598 1332 1677 spectat,

71 1699 197 1763 Sunt
215 1701 314 1781 ipsius
339 1701 434 1765 verba
455 1701 532 1789 haec
553 1700 584 1782 (fi
603 1701 655 1782 67)
685 1750 701 1781 p
724 1749 732 1765 .
756 1749 763 1764 .
787 1702 870 1779 ulmo
900 1701 994 1764 etiam
1023 1702 1054 1765 in
1078 1700 1195 1781 Coryco
1224 1706 1331 1766 monte

75 1801 240 1871 Ciliciae
268 1823 305 1875 ac
328 1807 460 1888 iunipiro
489 1808 530 1871 ad
553 1807 628 1872 nihil
651 1808 745 1887 utile,
775 1826 813 1871 ex
835 1807 911 1871 ulmi
933 1825 1008 1872 vero
1030 1807 1140 1872 cummi
1161 1812 1195 1871 et
1215 1806 1330 1872 culices

77 1917 286 1977 nascuntur
304 1964 311 1977 .
326 1963 334 1976 .
350 1912 367 1977 .'
421 1913 658 1995 Theophrastus
688 1931 761 1977 vero
793 1912 871 1978 haec
901 1912 997 1978 habet
1027 1914 1221 1994 (111‚14,1):
1260 1912 1330 1977 ἀλλ’

81 2009 147 2071 ἕν
184 2021 253 2092 ταῖς
283 2024 435 2101 κοιρνκίοι
465 2020 504 2083 τό
540 2018 642 2100 κόμμι
670 2019 725 2083 καὶ
757 2018 847 2106 θήρι
871 2015 957 2083 όττα
986 2020 1195 2106 κωνωιτοειόῆ
1229 2027 1329 2101 φέρει.

83 2111 254 2204 Apparet
281 2125 363 2191 Plini
389 2127 553 2191 lectionem
574 2129 615 2208 tin
643 2127 771 2208 Coryco’
792 2145 898 2192 errore
927 2133 1028 2192 ortam
1060 2143 1147 2207 esse,
1175 2125 1256 2189 male
1284 2126 1330 2189 in-

83 2222 238 2297 tellecta
253 2250 328 2298 voce
348 2252 472 2314 graeca,
493 2234 626 2299 sednon
651 2251 697 2315 ea,
721 2251 801 2314 quae
819 2232 1030 2314 Theophrasti
1049 2233 1116 2297 loco
1138 2231 1204 2296 lato
1225 2237 1330 2297 exstat

83 2319 212 2403 forma
234 2338 291 2404 sed
312 2340 348 2403 ἐν
369 2339 511 2421 κωρύκῳ.
554 2341 726 2422 κωροκίδες
752 2346 828 2405 sunt
854 2339 997 2421 folliculi,
1028 2340 1082 2421 qni
1103 2339 1205 2421 plagis
1228 2338 1329 2403 insec-

85 2432 217 2513 tstrum
236 2447 315 2511 moti
337 2465 375 2511 ex
395 2446 477 2511 loliis
499 2447 574 2511 ulmi
596 2454 749 2512 crescunt.
791 2447 859 2511 voci
881 2446 1022 2528 κόρακος
1043 2446 1144 2528 nullo,
1172 2451 1328 2527 quotquot

86 2550 251 2627 exstant,
271 2552 340 2618 loco
362 2554 471 2618 eadem
493 2554 540 2618 vis
562 2554 655 2635 inest,
676 2555 730 2618 scd
754 2572 791 2619 ex
809 2553 888 2617 Plini
910 2571 1015 2618 errore
1035 2558 1177 2637 apparet,
1198 2552 1238 2616 ab
1261 2552 1327 2617 eius

86 2634 197 2722 sonte
228 2677 334 2723 vocem
361 2659 408 2724 ita
438 2659 610 2725 adhibitam
639 2678 724 2740 esse,
760 2667 795 2724 ut
824 2660 1017 2725 scriberetur
1044 2661 1080 2723 ἐν
1110 2664 1155 2738 τῷ
1186 2656 1326 2741 κωρύκῳ.

88 2743 214 2847 Atque
234 2766 279 2830 ita
296 2766 461 2847 legendum
484 2785 554 2832 essa
583 2766 645 2832 alio
670 2767 877 2848 Theophrasti
899 2768 965 2832 loco
989 2766 1158 2832 Schneider
1184 2765 1326 2831 coniecit.

89 2846 149 2928 H·
175 2872 216 2952 pl.
245 2872 299 2954 IX,
323 2877 378 2953 l,2
408 2875 489 2938 enim
520 2875 636 2955 legitur
666 2880 796 2955 accepta
831 2874 1038 2938 translatione
1070 2874 1243 2938 rectissima
1276 2873 1327 2946 (de

92 2975 174 3044 dua
199 2979 368 3045 Schneider
398 2987 431 3046 et
456 2982 605 3047 Wimmer
639 2982 681 3046 ad
710 2981 792 3064 hunc
822 2980 956 3062 locum):
994 2981 1149 3063 πτελέας,
1181 2983 1235 3046 καὶ
1266 2984 1327 3065 γὰρ

93 3072 193 3170 αὕτη
224 3094 316 3172 φέρει
342 3087 444 3172 κόμμι
472 3088 560 3183 πλήν
590 3088 648 3161 οἰκ
679 3092 714 3154 ἐκ
741 3093 800 3154 τοῦ
823 3090 937 3173 φλοιοῦ
944 3142 952 3171 ,
980 3090 1050 3155 αλλ’
1072 3092 1174 3172 ἐντῷ
1199 3092 1325 3173 α’γγείιρ,

96 3180 167 3255 nbi
194 3212 264 3260 cum
292 3197 389 3261 rerba
419 3198 455 3261 ἐν
485 3202 530 3279 τῷ
563 3198 679 3279 α’γγείῳ
717 3198 757 3262 ab
800 3199 1099 3279 interpretatoribus
1137 3219 1197 3265 non
1232 3200 1326 3265 intel·

99 3280 306 3382 legerentur,
335 3302 408 3369 olim
439 3304 589 3385 scriptum
618 3303 714 3369 fuisse
737 3306 838 3386 ἐντῷ
859 3304 990 3386 κωρύκῳ
1011 3324 1140 3388 eamque
1159 3306 1324 3371 lectionem

106 3417 303 3442 χι.-

11 3524 16 3533 ·
109 3485 157 3551 W,
178 3510 235 3550 cnm
254 3497 366 3553 litterae
385 3501 424 3568 ,st
444 3501 540 3555 addita
558 3501 633 3557 linea
651 3492 697 3574 (st)
716 3519 765 3572 pro
783 3503 945 3572 compendio
961 3502 1034 3558 vocis
1051 3504 1130 3571 sunt'
1146 3503 1322 3559 haberentur.

113 3565 236 3637 (letemm
248 3585 355 3640 Plinius
372 3586 477 3642 fontem
496 3587 587 3642 minus
604 3592 736 3645 accurate
748 3589 877 3661 inspexit,
895 3593 928 3644 nt
940 3589 1142 3653 demonstrabo,
1161 3607 1225 3644 cum
1243 3591 1271 3644 et
1289 3590 1324 3644 de

10 3702 14 3745 2
115 3652 282 3732 longitudine
309 3688 448 3728 ramorum
476 3675 567 3729 minus
594 3675 744 3746 diligenter
770 3678 883 3734 diceret.
931 3678 971 3733 cf.
999 3676 1083 3733 etiam
1112 3676 1179 3741 XII,
1198 3676 1247 3741 65,
1275 3675 1324 3730 uhi
1369 3740 1372 3744 ,

10 3792 13 3809 ,
120 3756 239 3811 numerus
257 3777 290 3819 ex
308 3760 383 3816 sonte
402 3762 493 3818 sanari
511 3763 616 3834 nequit.
