2962 4696
777 273 815 333 12

187 448 398 544 Qu
411 445 617 527 persingulas
629 450 770 512 aestates
818 448 884 509 τῶν
925 444 1116 529 α’κρεμόνον
1157 446 1228 511 ἀλλ’
1270 448 1305 510 ἐκ
1347 448 1407 510 τοῦ

138 598 141 605 -
186 553 285 635 multo
317 553 399 619 laete
430 552 622 619 abundante.
656 554 770 620 ¹Sub·
820 545 998 625 στελέχους,
1013 547 1406 631 μένεθοςιιὲυὴλίκου

106 697 110 704 -
186 652 381 732 nascitur,
400 652 565 718 etiamsi
584 671 656 719 nnn
673 654 771 720 saal·
819 647 920 708 σῦκον
939 645 994 707 καὶ
1015 649 1055 729 τῇ
1075 640 1157 733 ὄψει
1175 645 1213 709 δὲ
1230 643 1406 730 παραπλή-

186 756 316 832 patus,
337 751 436 817 fetus
454 758 604 833 quater
620 757 770 818 aestate
819 763 901 823 σιου,
922 746 973 826 τῷ
990 745 1094 827 χυλῷ
1110 745 1156 808 δὲ
1175 745 1238 808 καί
1258 748 1304 829 τῇ
1319 745 1405 826 γλο-

186 851 444 932 prioremque
484 851 661 934 expellit
701 852 771 917 im·
818 841 966 927 ananei
986 849 1072 918 τοῖς
1093 842 1284 918 ὀλύνθους
1305 844 1406 930 πλήν
1447 857 1450 861 ’

186 955 400 1015 maturum.

187 2213 338 2278 Materies
373 2217 490 2296 proprii
527 2218 651 2296 generis
689 2218 771 2282 inter

190 2313 380 2378 utilissimas.
408 2314 508 2379 Caesa
525 2315 632 2380 statim
649 2319 770 2396 stagnis

188 2413 342 2492 mergitur
364 2450 402 2458 -
424 2413 483 2480 hoc
504 2419 554 2479 est
575 2415 642 2478 eius
660 2417 770 2481 siccari

188 2548 226 2557 —
246 2518 279 2575 et
294 2512 395 2593 prinis
414 2513 498 2592 sidit,
521 2519 630 2594 postea
646 2514 771 2580 fluitare

187 2612 317 2692 incipit,
340 2618 534 2693 certoque
555 2630 636 2677 eam
659 2615 771 2695 sugit

187 2710 351 2776 alienus
384 2729 511 2790 umor,
550 2713 616 2792 qui
649 2713 770 2778 aliam

188 2825 338 2873 amnem
359 2811 483 2891 rigat.
525 2812 604 2884 Cum
627 2812 771 2877 innatare

188 2910 346 2990 eoeperit,
412 2912 616 2990 tempestivae
677 2912 772 2976 habet

188 3008 321 3087 signum.

818 941 1070 1027 γλυκύτερον
1091 944 1177 1008 πολύ
1198 944 1253 1006 καὶ
1274 966 1405 1026 κεγχρα-

819 1037 1100 1122 unusquisquis
1122 1044 1258 1123 ἔχοντα,
1280 1042 1405 1126 πλήθει

818 1142 858 1205 δὲ
878 1140 993 1207 πολύν.
1023 1142 1087 1206 Καὶ
1106 1150 1239 1205 πέττειν
1247 1141 1290 1206 ,ού
1307 1140 1405 1207 δύνα-

818 1264 872 1305 ται
892 1243 938 1325 μή
958 1244 1204 1306 ἐπικνισθίντα·
1232 1241 1302 1304 ἀλλ’
1317 1243 1405 1321 ἔχον-

817 1364 870 1414 τες
884 1335 1003 1421 ύνυχας
1016 1341 1166 1424 σιδηροῦς
1177 1341 1403 1418 ἕπικνίζουσιν·

817 1437 841 1502 ά
875 1439 904 1502 δ’
934 1436 978 1502 άν
1013 1439 1193 1521 ἕπικνισθῇ
1224 1444 1404 1520 τεταρταία

817 1547 983 1602 πέττεται·
1005 1537 1180 1604 τούτωνδ’
1204 1539 1403 1622 άφαιρεθέν-

817 1662 884 1703 τιον
897 1637 999 1703 πάλιν
1015 1634 1099 1701 άλλα
1116 1637 1235 1721 φύεται
1249 1640 1303 1702 καὶ
1318 1635 1405 1702 άλλα

816 1837 989 1912 λάττοντα·
1025 1838 1092 1900 καί
1119 1839 1234 1902 τούθ’
1261 1837 1300 1901 οἱ
1327 1843 1405 1919 μὲν

816 1947 905 2026 τρὶς
927 1946 964 2010 οἱ
984 1947 1029 2011 δὲ
1049 1945 1275 2019 πλεονάκις
1297 1947 1403 2045 βασι

816 2060 1016 2135 γίνεσθαι.

821 2221 866 2299 (2)
905 2219 1082 2285 Πολύοπον
1117 2219 1155 2282 δὲ
1191 2219 1229 2282 aa*
1268 2216 1404 2298 δένδρον

821 2318 955 2402 σφόδρα
971 2319 1042 2384 ἐστὶ
1059 2320 1113 2381 καὶ
1129 2319 1168 2382 τύ
1187 2306 1285 2394 ξύλον
1301 2314 1405 2379 αύτού

820 2417 864 2491 εἰς
890 2419 997 2482 πολλά
1028 2415 1198 2501 χρήσιμον.
1232 2413 1335 2479 ’Ίδιον
1366 2414 1404 2477 δὲ

820 2519 906 2596 ἔχειν
920 2517 1011 2581 δοκεῖ
1022 2517 1116 2598 παρά
1129 2505 1244 2580 τᾶλλα·
1274 2518 1404 2598 τμηθὲν

818 2614 1319 2699 γάρεύθύςχλωρόνέστι·
1346 2612 1404 2677 αύ-

820 2720 947 2780 αίνεται
962 2717 1000 2779 δὲ
1015 2714 1188 2798 ἐμβύθιον·
1211 2713 1255 2788 εἰς
1275 2713 1404 2795 βόθρον

820 2816 859 2879 δὲ
874 2816 1074 2897 ἐμβάλλουσι
1087 2816 1141 2879 καὶ
1157 2813 1202 2888 εἰς
1216 2815 1275 2888 τάς
1287 2814 1405 2894 λίμνας

821 2915 924 2989 εύθιλς
951 2917 1005 2979 καὶ
1034 2913 1247 2996 ταριχεύουσι·
1290 2910 1403 2994 βρεχό-

821 3036 920 3095 μενον
936 3013 965 3076 δ’
984 3014 1020 3076 ἐν
1033 3016 1080 3094 τῷ
1094 3014 1192 3094 βυθῷ
1207 3017 1402 3094 ξηραίνεται·

820 3115 874 3177 καὶ
896 3110 985 3176 ὅταν·
1006 3113 1121 3185 τελέως
1147 3112 1245 3195 ξηρδν
1264 3120 1403 3194 γένηται,

819 3211 897 3275 τότε
919 3211 1120 3294 διαφέρεται
1144 3211 1198 3273 καὶ
1220 3210 1330 3272 ἐπινεῖ
1347 3210 1402 3272 καὶ

820 3312 913 3376 δοκεῖ
924 3311 1002 3376 τότε
1018 3312 1121 3385 καλῶς
1138 3312 1402 3392 τεταριχειῖσθαι·

818 3416 981 3493 γίνεται
1020 3411 1096 3492 γάρ
1137 3412 1295 3491 κούφου
1336 3410 1403 3473 καὶ

817 3510 963 3593 μανόν.
1005 3510 1046 3575 ‘H
1064 3513 1127 3592 μὲν
1146 3498 1205 3572 ούν
1227 3506 1404 3589 συκάμινος

818 3613 884 3690 ἔχει
905 3608 1026 3682 ταύτας
1046 3607 1106 3681 τάς
1125 3606 1298 3689 ἰδιότητας.

189 3760 256 3837 (58)
277 3757 357 3821 Huic
379 3756 521 3821 similiter
543 3757 770 3838 quadamtenus
820 3762 866 3839 (3)
894 3755 1002 3821 Ἔοικε
1037 3755 1077 3819 δέ
1105 3778 1151 3829 τις
1183 3754 1405 3837 παραπλησία

188 3875 268 3938 quae
305 3862 434 3921 vocatur
471 3855 584 3936 Cypria
624 3855 700 3921 ficus
739 3858 770 3920 in
819 3857 957 3941 ἡφύσις
978 3847 1063 3920 εἶναι
1084 3857 1215 3939 καὶτῆς
1236 3853 1404 3938 ἐνΚρήτῃ

192 3957 295 4021 Creta.
331 3957 411 4020 Nam
426 3962 460 4019 et
478 3956 545 4036 ipsa
564 3955 689 4020 caudice
704 3955 770 4037 ipso
819 3958 1016 4038 anianense
1036 3961 1185 4038 Κυπρίας
1208 3955 1315 4036 συκῆς·
1348 3951 1402 4017 καὶ

188 4056 250 4119 fert
278 4073 401 4136 pomum
433 4062 466 4119 et
496 4056 609 4135 ramis,
641 4074 709 4119 eum
739 4056 770 4118 iu
819 4055 880 4137 γάρ
901 4056 1005 4137 ἐκείνη
1028 4063 1118 4140 φέρει
1138 4056 1197 4118 τδν
1218 4051 1346 4134 καρπδν
1367 4051 1403 4113 ἐκ
