2962 4696
716 289 797 349 26·

127 464 158 528 in
181 464 250 546 ipsa
267 464 373 545 Creta,
395 468 430 527 ut
445 469 630 531 est-natura
652 467 708 531 ho·
746 462 748 470 ’
798 467 842 530 δὲ
864 465 910 532 ov’
929 465 1187 550 βλαστάνειν
1209 467 1345 554 αὐτήν

127 563 245 628 minum
273 563 423 629 novitatis
448 564 557 647 avida,
589 565 708 646 platani
798 563 883 648 ἅμα
920 570 1012 640 ταῖς
1051 562 1199 641 ἄλλαις
1237 567 1345 633 ἀλλά

126 667 215 726 satae
269 652 498 743 degeneravere
511 665 535 747 ¹)
590 666 710 746 vitium,
799 666 904 747 perol
929 664 1042 731 κύνα.

126 756 420 843 quandoquidem
439 764 709 829 commendatio
758 772 899 846 Λέγεται
920 764 1033 827 δὲκαὶ
1055 765 1091 828 ἐν
1114 762 1237 846 Κύπρῳ
1260 765 1344 829 πλά-

126 859 286 925 al·boris
306 861 390 926 eius
407 879 479 926 non
497 863 573 927 alia
588 863 712 927 nlaior
759 885 855 936 τανος
876 854 961 927 εἶναι
980 861 1122 948 τοιαύτη.

61 996 65 1001 -
125 964 206 1040 est,
243 978 356 1041 quam
396 961 506 1026 soles
544 967 713 1027 aestate

48 1099 51 1104 -
125 1074 282 1140 arcere,
315 1058 445 1125 hieme
475 1060 713 1126 admittere.

211 1189 297 1268 Quae
318 1190 371 1256 ille
400 1192 500 1257 tradit
523 1192 561 1259 de
583 1210 700 1273 quercu
722 1191 893 1273 Sybarina,
921 1190 981 1256 hoc
1002 1189 1127 1272 quidem
1150 1191 1217 1255 loco
1239 1191 1344 1255 omisit

128 1305 245 1381 noster,
268 1301 322 1366 sed
346 1308 457 1367 narrat
471 1303 554 1384 XVI,
572 1309 608 1368 81
634 1304 699 1369 hist
718 1303 764 1384 ,ln
782 1302 921 1366 Thurino
944 1320 1031 1382 agro,
1054 1301 1106 1364 ubi
1124 1298 1252 1379 Sybaris
1272 1297 1345 1377 luit,

126 1424 164 1471 ex
184 1407 252 1488 ipsa
273 1406 357 1485 urhe,
376 1409 623 1497 prospiciebatur
646 1427 779 1491 quercus
797 1427 869 1488 una,
895 1425 1063 1490 numquam
1086 1405 1159 1470 folia
1181 1405 1342 1469 dimittens

126 1530 183 1577 neo
211 1517 286 1576 ante
314 1513 447 1578 mediam
477 1520 633 1580 aestatem
662 1516 848 1596 germinans.
891 1513 989 1594 quue
1011 1515 1122 1577 mirum
1144 1517 1194 1575 est
1213 1511 1343 1576 Graecis

127 1619 307 1684 auctoribus
327 1620 482 1702 proditum
504 1623 587 1702 apud
611 1640 666 1686 nos
688 1627 799 1703 postea
821 1622 924 1686 sileri’.

209 1749 267 1815 His
287 1750 389 1815 verbis
410 1751 559 1832 proximis
579 1752 722 1833 quamvis
749 1752 896 1817 libentius
917 1750 1042 1835 quidem
1067 1755 1172 1813 noster
1195 1746 1342 1813 hocloco

28 1918 36 1927 ,
126 1853 230 1937 illum,
261 1857 286 1920 si
309 1875 379 1921 eum
400 1858 554 1937 excussit,
584 1859 759 1939 inspexisse
784 1866 818 1922 et
836 1856 1043 1938 amplificasse
1065 1853 1206 1934 videtur,
1237 1860 1341 1917 tamen

10 2042 13 2047 ⁸
127 1966 256 2026 notatur
276 1963 344 2028 eius
365 1964 494 2029 incuria.
537 1965 626 2042 Quod
652 1955 735 2029 enim
763 1965 897 2029 miratur
919 1982 938 2027 a
958 1962 1104 2026 Romanis
1128 1960 1229 2038 sileri,
1256 1958 1340 2022 idem

126 2073 231 2131 exstat
253 2069 284 2132 in
306 2068 457 2136 Varronis
480 2069 519 2135 de
540 2089 574 2135 re
595 2073 715 2137 rustica
735 2070 813 2135 libro
836 2070 873 2153 (l,
894 2069 924 2151 7)
948 2088 967 2133 a
988 2067 1088 2132 Plinio
1112 2084 1222 2146 magno
1245 2083 1340 2145 opere

127 2181 284 2255 usurpato,
308 2175 360 2240 ubi
384 2177 461 2241 haec
484 2177 647 2257 leguntur:
678 2178 797 2259 ,ltaque
820 2176 933 2241 Cretae
960 2176 1000 2242 ad
1024 2173 1198 2254 Gortynam
1228 2173 1342 2236 dicitur

126 2280 289 2361 platanum
314 2299 399 2362 esse,
427 2301 507 2364 quae
530 2283 604 2347 folia
625 2282 726 2347 hieme
748 2302 809 2347 non
829 2283 966 2346 omittat.
1007 2281 1149 2360 itemque
1172 2280 1202 2342 in
1227 2277 1341 2359 Cypro,

127 2391 163 2449 ut
186 2385 420 2467 Theophrastus
442 2392 497 2466 ait,
521 2406 591 2453 nna.
635 2389 712 2452 Item
736 2388 855 2466 Sybari,
877 2389 930 2470 qui
953 2404 1035 2453 nunc
1052 2384 1161 2449 Thurii
1185 2385 1341 2464 dicuntur,

126 2509 258 2572 quercus
280 2491 373 2557 simili
392 2511 462 2558 esse
486 2500 614 2572 natura,
634 2511 715 2574 quoe
738 2500 788 2559 est
810 2496 840 2558 in
861 2494 966 2574 oppidi
989 2472 1173 2572 conspectu'.

209 2623 295 2689 Haec
324 2640 476 2704 exponere
505 2623 586 2688 volui
616 2624 756 2706 exempla
784 2642 901 2706 pauca,
928 2624 1042 2705 quibus
1071 2621 1151 2686 Plini
1180 2621 1345 2686 festinatio

127 2733 222 2808 atque
245 2728 363 2792 incuria
383 2728 567 2811 illustretur,
587 2729 709 2810 quibus,
733 2731 793 2795 etsi
814 2749 963 2795 numerus
983 2728 1075 2793 facile
1096 2728 1203 2807 augeri
1224 2732 1342 2807 potest,

126 2839 305 2899 contentum
327 2852 395 2900 esse
418 2834 531 2900 licebit:
572 2836 640 2900 Hoc
662 2843 783 2901 tantum
805 2838 920 2900 addere
940 2837 970 2899 in
993 2835 1097 2899 animo
1121 2835 1251 2898 estium
1274 2839 1342 2897 toto

125 2931 235 3005 habitu
258 2941 423 3023 utriusque
443 2941 514 3006 libri
535 2943 648 3023 ubique
667 2942 877 3021 lereindicori
900 2942 1150 3006 maturationem.
1194 2940 1244 3003 lta
1259 2940 1340 3004 enim

127 3046 261 3111 elocutio
282 3055 331 3111 est
353 3048 509 3128 neglecta,
535 3055 573 3112 ut
594 3049 750 3113 interdum
773 3049 947 3114 coniunctio
966 3065 1097 3128 prorsus
1118 3045 1183 3110 fere
1205 3044 1341 3124 deficiat,
1375 3080 1381 3087 -

127 3159 289 3234 totumque
325 3154 474 3234 praebeat
509 3155 642 3235 speeiem
676 3155 829 3234 congeriei
857 3160 1035 3219 notatorum
1063 3160 1276 3233 correptorum
1309 3159 1343 3215 et

75 3329 79 3333 ,
127 3261 192 3326 sine
217 3260 279 3325 ulla
301 3279 374 3325 cura
406 3263 558 3325 orationis
586 3261 773 3325 festinanter
795 3263 1052 3326 continuatorum.
1096 3261 1182 3327 Istud
1207 3261 1342 3324 maxime

127 3354 211 3431 ualet
233 3367 271 3430 de
293 3369 467 3447 posteriore
489 3373 580 3449 parte
600 3367 671 3432 libri
696 3369 781 3432 tertii
805 3369 923 3432 decimi.

210 3493 245 3556 ln
276 3491 477 3556 festinatione
501 3498 564 3555 tam
589 3493 755 3573 conspicua
782 3493 879 3571 ratio,
907 3510 986 3573 quae
1012 3494 1095 3558 inter·
1116 3493 1229 3556 multos
1259 3495 1342 3558 locos

126 3599 207 3663 Plini
237 3604 269 3664 et
292 3597 501 3679 Theophrasti
533 3599 715 3677 intercedit,
745 3600 823 3663 satis
852 3600 997 3664 notabilis
1026 3607 1082 3665 est.
1125 3600 1206 3664 Nam
1236 3602 1261 3664 si
1291 3600 1343 3667 hic

128 3705 243 3770 multas
262 3723 312 3769 res
329 3704 369 3768 ab
387 3705 439 3768 illo
457 3712 621 3772 enarratas
640 3707 766 3786 omittit,
787 3706 849 3771 alia
864 3706 963 3788 addit,
983 3725 1064 3788 quae
1082 3707 1168 3771 illum
1187 3705 1343 3786 deficiunt,

126 3811 152 3876 si
170 3810 302 3891 denique
323 3811 482 3875 materiem
501 3831 632 3894 prorsus
650 3814 742 3878 aliter
759 3813 884 3892 digerit,
906 3817 943 3877 ut
964 3812 1040 3876 nihil
1061 3813 1126 3876 lere
1142 3813 1250 3875 eodem
1273 3811 1342 3878 loco

196 4024 222 4094 l)
240 4023 405 4078 Emendavit
423 4024 461 4079 lo.
475 4024 593 4079 Mueller
618 4024 663 4093 (cl.
684 4023 902 4080 Emendationen
921 4041 968 4078 zur
987 4021 1130 4079 Naturalis
1154 4021 1270 4079 historia
1293 4022 1344 4076 des

125 4109 244 4176 Plinius,
265 4110 446 4171 vindobonae
467 4112 541 4178 1877,
562 4129 587 4188 p.
607 4114 657 4184 17).
