2962 4696
667 939 898 1089 vri-n.

246 1136 335 1191 Natus
354 1154 412 1191 snm
439 1137 593 1192 Ioannes
610 1138 786 1209 Georgius
804 1139 954 1195 Carolus
973 1139 1160 1209 Sprengeb
1185 1139 1310 1194 cassellis
1328 1138 1390 1193 Xal.

177 1229 246 1283 Nor.
261 1246 285 1284 a.
300 1230 328 1284 h.
340 1248 360 1284 s.
381 1230 478 1295 LXIII,
497 1234 576 1299 patre
592 1231 759 1296 Hermanno,
778 1235 868 1287 matre
880 1232 968 1286 Maria
986 1249 1001 1287 e
1018 1234 1103 1301 gente
1121 1231 1273 1299 Dreydorffi
1292 1231 1392 1300 quibus
1468 1275 1472 1279 .

177 1323 269 1378 adhuc
287 1322 444 1378 viventibus
468 1323 548 1378 valde
566 1324 683 1393 gaudeo.
719 1324 814 1379 I‘idem
838 1325 970 1394 profiteor
993 1323 1192 1393 evangelicam.
1228 1324 1272 1377 Ab
1289 1324 1392 1376 aetatis
1469 1365 1475 1370 .

179 1432 251 1471 anno
270 1418 368 1471 octavo
386 1433 472 1485 usque
490 1417 526 1470 ad
544 1417 693 1489 septimum
712 1417 848 1473 decimum
867 1417 1021 1486 discipulus
1032 1415 1114 1472 adfui
1121 1416 1266 1485 gymnasio
1285 1415 1392 1484 patriae

180 1526 270 1574 meae,
296 1509 370 1578 quod
394 1511 455 1564 tum
475 1510 627 1564 vocabatur
645 1510 765 1579 Lyceum
784 1509 1026 1566 Friedericiannm.
1062 1511 1093 1564 A.
1112 1510 1140 1564 h.
1159 1526 1179 1563 s.
1198 1508 1312 1562 LXXXI
1331 1525 1393 1562 vere

127 1597 130 1600 ⁴
178 1602 370 1657 testimonium
387 1603 560 1657 maturitatis
584 1607 725 1658 assecutus
743 1605 922 1673 Marpurgnm
942 1604 1086 1658 cattorum
1106 1619 1149 1657 me
1166 1602 1279 1665 contuli,
1298 1601 1346 1654 ubi
1365 1601 1395 1654 in

182 1694 351 1764 philologiae
370 1695 492 1756 studium
508 1696 629 1760 incubui,
648 1696 711 1750 inde
729 1699 792 1765 post
810 1696 948 1750 biennium
963 1695 1137 1750 Monachiam
1155 1695 1350 1763 transmigravi
1367 1697 1396 1747 et

181 1805 228 1842 sex
248 1788 389 1842 mensibus
411 1791 475 1857 post
494 1787 627 1857 Lipsiam;
657 1806 730 1845 anno
754 1789 792 1843 ibi
818 1792 928 1858 peracto
946 1790 1036 1843 denno
1055 1789 1111 1842 adii
1135 1788 1302 1843 academiam
1324 1788 1395 1840 Mar·

181 1898 357 1950 purgensem.
393 1882 579 1950 Frequentavi
597 1882 737 1947 lectiones,
756 1899 824 1950 quas
843 1882 984 1936 habebant
1002 1881 1054 1934 viri
1069 1880 1219 1935 doctissimi
1233 1881 1306 1944 Bc'rt,
1325 1882 1396 1934 Bor-

182 1991 273 2039 mnnn,
289 1974 414 2046 Brr'eper,
434 1975 567 2043 caesara
586 1975 619 2029 de
632 1975 730 2039 Christ,
746 1975 843 2037 Oeten,
863 1973 1007 2042 (inritant,
1026 1974 1059 2027 de
1070 1974 1272 2039 Gieeebreclrt†,
1290 1973 1397 2038 Hirael,

183 2069 272 2135 Koch,
298 2069 426 2136 Decem,
452 2069 575 2137 Natorp,
602 2068 743 2132 Oncrbcclr,
763 2068 889 2131 Ribbeck,
915 2067 1044 2130 Schmidt,
1070 2068 1173 2129 Stoeni,
1198 2067 1397 2134 Vnrrentrnpp,

187 2161 385 2233 Wcoterleamp,
409 2162 546 2231 Wdlfflin,
569 2161 681 2225 Wundt,
702 2161 835 2224 Zurnclrc,
860 2165 889 2215 et
908 2159 1064 2215 seminariis
1082 2159 1205 2223 interfui,
1227 2175 1298 2226 qnae
1316 2158 1395 2212 flore·

182 2256 251 2309 bant
275 2255 424 2310 rectoribus
449 2255 552 2318 Birtio,
576 2255 745 2318 Bormanon,
771 2254 920 2320 anenre†,
946 2254 979 2307 de
999 2252 1098 2317 Glrriet,
1126 2253 1241 2315 Cobeno,
1260 2251 1398 2317 Himetto,

183 2349 312 2415 anac†,
333 2348 503 2433 Ουονὸεοζιίο,
522 2348 678 2411 Ribbcclrio,
699 2347 858 2413 Schmidtio,
875 2347 1028 2416 Wdlfflino.
1064 2345 1206 2410 Omnibus,
1225 2345 1274 2413 qni
1291 2361 1333 2397 me
1349 2345 1397 2397 do·

183 2442 309 2504 cuernnt,
327 2439 433 2510 gratias
449 2456 502 2509 ago
521 2456 604 2508 quam
624 2440 766 2503 maximas,
794 2439 940 2509 praecipue
959 2443 1053 2494 autem
1072 2439 1213 2492 Theodoro
1231 2439 1300 2502 Birt,
1320 2438 1398 2491 cuius

184 2549 319 2588 summam
343 2548 411 2602 erga
434 2549 478 2587 me
501 2533 655 2587 bonitatem
680 2547 789 2602 semper
812 2534 893 2602 grato
911 2532 1005 2587 animo
1027 2530 1160 2586 retinebo.
1196 2531 1267 2585 Vere
1286 2547 1310 2584 a.
1331 2530 1357 2583 h.
1376 2548 1397 2583 s.

184 2624 338 2679 LXXXVII
362 2631 507 2695 postquam
533 2641 647 2680 examen
672 2642 722 2694 pro
746 2624 882 2680 facultate
908 2624 1024 2680 docendi
1049 2624 1204 2694 legitimum
1230 2623 1319 2693 primo
1336 2642 1399 2678 cnm

186 2718 276 2789 gradu
295 2717 437 2788 superavi,
462 2718 491 2772 in
510 2718 630 2788 patriam
655 2735 744 2772 meam
765 2735 890 2772 reversus
914 2720 1027 2786 peracto
1054 2733 1127 2771 anno
1150 2715 1272 2770 tirocinii
1296 2718 1398 2786 paeda·

185 2810 292 2881 gogicI,
317 2828 367 2881 per
385 2811 460 2878 quod
477 2813 586 2880 tempus
610 2810 712 2865 sodalis
730 2810 772 2864 fni
789 2809 944 2864 ordinarius
968 2809 1107 2864 seminarii
1126 2809 1306 2879 paedagogici
1328 2810 1399 2879 regii

185 2905 340 2961 etiamnum
358 2904 485 2959 florentis·
502 2904 553 2958 sub
570 2903 701 2973 auspiciis
719 2903 772 2958 viri
789 2902 939 2957 doctissimi
958 2902 1135 2972 Lahmeyeri,
1155 2918 1189 2956 ex
1207 2903 1256 2956 illo
1274 2906 1399 2974 tempore

186 2997 279 3054 adbuc
298 2996 424 3054 Caerellia
442 3012 541 3066 pueros
559 2996 648 3051 docui.
