2962 4696
216 1617 258 1684 g.
305 1601 406 1665 Arbor
436 1602 504 1682 ipsa
540 1599 681 1665 omnibus
717 1597 800 1661 horis

214 1700 363 1780 pomifera
404 1707 454 1765 est
495 1701 565 1764 aliis
606 1696 799 1774 cadentibus,

215 1799 285 1863 aliis
310 1799 606 1878 maturescentibus,
634 1796 702 1861 aliis
725 1812 799 1858 vero

216 1897 488 1963 subnascentibus,
532 1898 800 1978 Temptavere

215 2004 361 2077 gentes
383 1996 617 2062 transferre
644 1994 690 2060 ad
713 2011 800 2058 sese

214 2103 386 2178 propter
415 2097 572 2160 remedii
602 2098 800 2176 praestan·

216 2197 305 2260 tiam
335 2195 378 2261 Ιι.
395 2196 542 2260 fictilibus
558 2197 588 2258 in
607 2196 704 2271 vasis,
726 2193 800 2256 dato

216 2293 801 2376 percavemasradicibusspiramento,

216 2393 400 2473 qualiter
424 2394 555 2457 omnia
574 2389 799 2457 transituri

217 2492 380 2569 longius
441 2491 522 2555 seri
580 2487 801 2570 aptissime

217 2589 529 2670 transferrique
569 2587 801 2652 meminisse

216 2688 455 2767 conveniet,
477 2692 519 2751 ut
543 2685 664 2750 semel
687 2703 802 2766 quae-

116 2791 121 2804 '
216 2805 284 2867 que
303 2786 491 2850 dicantur.
518 2800 560 2850 a.
576 2783 636 2848 Sed
648 2782 800 2863 nisiapud

219 2883 329 2949 Medos
348 2891 381 2949 et
398 2886 429 2948 in
444 2884 572 2948 Perside
591 2883 675 2946 nasei
693 2883 801 2946 noluit.

218 2981 250 3050 f.
283 2984 368 3048 Haec
398 2991 447 3047 est
473 2984 561 3047 euius
589 2999 690 3062 grana
710 2980 801 3044 Par·

219 3082 377 3147 thorum
410 3099 606 3164 proceres
636 3079 802 3160 incoquere

217 3172 351 3246 diximus
389 3180 618 3246 esculentis
646 3197 801 3243 commen-

217 3292 312 3357 dandi
343 3293 460 3358 halitus
489 3294 602 3372 gratia.
651 3307 693 3359 a.
724 3291 801 3396 [aa

217 3401 300 3466 alia
349 3402 471 3466 arbor
521 3401 718 3465 laudatur
761 3404 799 3467 in

218 3511 365 3615 Q

806 300 846 360 λδ

846 473 884 536 δὲ
920 469 990 546 οἵας
1027 468 1126 546 ἄπιος
1165 467 1188 555 ἢ
1223 469 1431 546 ὀξυάκανθος

845 573 934 645 λείας
956 571 992 635 δὲ
1014 571 1068 636 καὶ
1091 571 1201 647 ὀξείας
1221 569 1354 653 σφόδρα
1377 569 1431 633 καλ

846 670 990 752 ἰσχυράς·
1034 669 1075 737 (Ι.
1110 672 1149 733 τό
1179 671 1217 733 δὲ
1243 670 1346 755 μῆλον
1376 669 1434 734 ουίι

846 772 1000 836 ἐσθίεται
1020 775 1091 852 μὲν,
1115 764 1258 850 εὐόσμον
1280 770 1319 831 δὲ
1340 768 1433 831 πάνυ

846 870 899 932 καὶ
916 870 955 934 τό
973 860 1097 952 φόλλου
1112 869 1172 932 τοῖ·
1187 868 1334 948 δένδρου·
1372 865 1435 930 κάν

847 969 891 1043 εἰς
906 969 1021 1051 ἱμάτια
1037 971 1124 1051 τεθῇ
1142 968 1180 1031 τό
1198 968 1303 1051 μῆλον
1319 960 1435 1029 άκοπα

847 1067 1002 1150 διατηρεῖ.
1051 1082 1087 1133 θ.
1110 1065 1285 1152 Χρήσιμου
1305 1067 1334 1129 δ’
1346 1066 1435 1128 ἐπει·
1464 1152 1469 1159 .

846 1166 910 1229 δάν
924 1165 1006 1250 τάχη
1020 1189 1066 1239 τις
1081 1166 1244 1239 πεπωκιδς
1258 1163 1436 1247 φάρμακον

847 1266 1050 1347 θανάσιμον·
1093 1266 1199 1329 δοθέν
1219 1265 1280 1347 γάρ
1301 1266 1337 1327 ἐν
1359 1264 1437 1345 οἴνῳ

847 1364 1019 1429 διακόπτει
1048 1365 1110 1449 την
1147 1364 1269 1427 κοιλίαν
1300 1364 1353 1426 καὶ
1387 1365 1466 1439 ἕξ-·

848 1466 918 1546 άγει
940 1465 978 1527 τό
1002 1463 1185 1547 φάρμακον.

850 1592 880 1661 f.
910 1594 973 1658 Καὶ
994 1594 1078 1677 πρός
1098 1593 1262 1675 στόματος
1282 1591 1437 1656 εὐωδίαν·

849 1694 909 1756 ἐάν
927 1691 988 1774 γάρ
1009 1717 1056 1767 τις
1076 1691 1188 1780 ἑψήσῃ
1197 1693 1395 1791 Q
1416 1713 1437 1777 η

849 1804 893 1865 ἐν
923 1799 1029 1882 άλλῳ
1059 1804 1139 1866 τινὶ
1164 1803 1203 1866 τό
1226 1805 1357 1865 ἔσωθεν
1377 1802 1437 1864 τοῦ

848 1900 953 1986 μήλου
972 1902 1107 1984 ἐκπιέσῃ
1125 1899 1169 1974 εἰς
1190 1901 1228 1964 τό
1249 1900 1359 1981 στόμα
1380 1901 1436 1962 καὶ

848 1997 1077 2085 καταροφήση,
1111 2003 1203 2062 ποιεῖ
1233 1999 1293 2084 την
1323 1997 1437 2083 όσμηυ

849 2097 974 2185 ἡδεῖαν.
1026 2103 1247 2179 Σπείρεται
1282 2099 1327 2161 δὲ
1364 2101 1437 2161 τοῦ

849 2188 934 2286 ἦρος
958 2197 1010 2272 εἰς
1031 2198 1212 2281 πρασιάς
1233 2184 1467 2285 ἐξαιρεθὲν1

849 2299 894 2361 τό
922 2307 1085 2379 σπέρμα
1112 2298 1437 2377 διειργασμένας

850 2396 1069 2477 ἐπιμελῶς,
1096 2388 1188 2458 εἶτα
1210 2392 1438 2477 άρδεόεται

850 2496 918 2558 διά
952 2495 1148 2578 τετάρτης
1182 2491 1205 2579 ἤ·
1243 2501 1438 2576 πέμπτης

849 2592 1010 2680 ἡμέρας·
1054 2592 1153 2657 ὅταν
1178 2595 1223 2657 δὲ
1248 2593 1378 2673 άδρόν
1406 2583 1437 2678 ᾖ,

851 2693 1150 2776 διαφυτεύεται
1195 2691 1324 2755 πάλιν
1364 2698 1437 2757 τοῦ

851 2794 967 2875 ἔαρος
997 2790 1053 2865 εἰς
1076 2796 1225 2874 χωρίον
1247 2792 1438 2873 μαλακόν

850 2892 917 2953 καὶ
948 2893 1125 2973 ἔφυδρον
1155 2890 1222 2953 καὶ
1261 2891 1308 2956 ου’
1341 2891 1438 2955 λίαν

850 2989 1012 3053 λεπτόν·
1057 2989 1170 3072 φιλεῖ
1189 2990 1260 3070 γάρ
1288 2990 1337 3051 τά
1360 3013 1437 3055 του

850 3090 963 3153 αὕτα.
1013 3106 1054 3173 g.
1089 3094 1185 3170 Φέρει
1213 3090 1251 3152 δὲ
1278 3091 1321 3152 τά
1347 3091 1439 3175 μῆλα

851 3193 968 3253 πάσαν
989 3187 1086 3270 ὥραν·
1128 3193 1170 3254 τά
1198 3197 1260 3273 μέν
1286 3193 1347 3273 γάρ
1369 3193 1437 3275 άφ-

849 3289 979 3376 Ιη’ρηται,
1001 3293 1043 3355 τά
1065 3292 1104 3355 δὲ
1124 3291 1239 3372 άνθεῐ,
1261 3295 1304 3356 τά
1326 3294 1364 3355 δὲ
1387 3295 1438 3356 ἐκ·

850 3404 972 3458 πέττει.
1019 3394 1438 3461 Τῶνδὲάνθῶνόσα

851 3496 986 3578 οἵσπερ
1025 3497 1198 3576 εἴπομεν
1228 3499 1311 3577 ἔχει
1340 3504 1437 3561 καθ-

849 3600 956 3679 άπερ
986 3597 1196 3684 ἠλακάτην
1231 3598 1272 3659 ἐκ
1308 3606 1437 3676 μέσου

848 3702 918 3765 τιν’
938 3701 1164 3777 ἐξέχουσαν
1189 3698 1320 3762 ταῦτά
1347 3699 1438 3761 ἐστι

848 3799 1010 3880 γόνιμα,
1041 3793 1118 3861 ὅσα
1146 3796 1190 3858 δὲ
1216 3798 1268 3881 μη“
1298 3793 1437 3877 άγονα.

848 3903 1076 3978 Σπείρεται
1116 3896 1159 3958 δὲ
1194 3896 1263 3958 καὶ
1308 3896 1351 3961 ΙΙ.
1391 3896 1438 3970 εἰς

850 3992 998 4079 όστρακα
1034 3997 1269 4079 διατετρημένα
1310 3995 1448 4059 καθά·
