2962 4696
741 299 780 362 27

159 471 337 552 reperiatur,
359 490 422 553 quo
440 472 525 554 apud
547 473 645 554 illum,
666 474 867 540 haecomnia
891 493 1040 541 summam
1058 474 1313 541 deliberationem
1336 482 1369 543 et

155 592 259 641 euram
289 579 448 658 requirere
475 578 687 644 videntur-
716 583 743 647 si
775 600 835 648 uon
866 601 980 665 ponere
1010 582 1108 646 mavis
1136 600 1228 647 caeca
1254 582 1368 648 fiducia

149 680 231 749 alius
251 684 413 749 cuiusdam
435 683 531 749 fontis
553 685 635 750 hunc
659 690 768 753 teneri.

232 790 319 855 Ordo
345 808 448 855 rerum
478 791 739 872 nTbeophrasto
770 795 927 876 discrepat
957 794 988 856 in
1020 754 1159 859 tractatu
1189 794 1228 858 de
1256 795 1368 876 palmis
1460 870 1464 889 Ι

143 891 249 978 (XIII,
269 898 406 977 26-50)
427 897 514 962 cuius
537 905 757 979 argumentum
781 901 919 965 breviter
942 898 1110 979 explicabo.

136 999 151 1066 6
170 999 244 1054 26-
252 1001 288 1056 27
307 1002 342 1056 de
360 1000 520 1071 regionibns
539 1003 696 1073 palmarum
784 1005 921 1075 Theophr.
940 1004 989 1067 ΙΙΙ,
1006 1005 1058 1069 3,5
1077 1004 1200 1075 suppleri
1218 974 1311 1075 potest

193 1087 234 1140 28
307 1087 342 1140 de
360 1087 501 1158 rigatione
519 1092 548 1143 eb
566 1089 630 1143 fimo
838 1122 866 1131 -
952 1090 986 1157 ΙΙ,
1006 1091 1056 1154 6,3
1074 1089 1159 1144 latius

188 1173 229 1226 31
300 1173 737 1246 deutroqueeexueiuequepomo
837 1208 866 1217 -
952 1177 987 1241 ΙΙ,
1005 1177 1057 1242 6,6
1076 1176 1161 1231 latine

188 1261 232 1314 32
306 1260 340 1314 de
357 1260 447 1316 formu
467 1264 496 1316 et
513 1279 615 1332 genere
634 1262 709 1331 pomi
835 1293 867 1302 -
951 1262 985 1328 11,
1004 1263 1054 1333 6‚1
1074 1261 1184 1316 brevius

188 1347 232 1400 33
305 1347 415 1417 palmae
432 1347 465 1402 in
480 1348 577 1418 Cypro
838 1379 866 1389 -
951 1349 986 1415 11,
1006 1349 1056 1413 6‚l
1072 1365 1098 1401 u.
1114 1348 1132 1402 8
1149 1364 1220 1416 quae
1233 1347 1369 1418 distingu-

1011 1437 1098 1489 untur
1124 1450 1227 1503 genera
1255 1435 1326 1498 duo,
1353 1451 1371 1488 a

1010 1519 1100 1574 Plinio
1118 1519 1325 1574 ooniunduntur

185 1607 231 1661 36
304 1606 339 1660 de
358 1605 536 1676 generatione
555 1608 701 1663 obtrunco
836 1637 868 1648 -
951 1606 985 1670 ll,
1003 1606 1055 1671 6,2
1074 1605 1184 1660 brevius

184 1694 230 1747 37
305 1693 341 1745 de
377 1691 534 1759 plantariis,
577 1694 610 1748 de
646 1695 736 1748 trane·

343 1776 456 1831 ferendo
476 1780 505 1832 eb
524 1779 683 1848 deputando
839 1808 868 1816 -
899 1796 906 1811 ·
953 1776 1111 1843 11,6‚3-4

183 1861 232 1918 38
301 1862 336 1916 de
354 1862 412 1917 sale
430 1865 609 1933 aspergendo,
839 1893 866 1903 -
952 1862 987 1924 ΙΙ,
1006 1862 1058 1926 6,2
1075 1862 1159 1916 latius

304 1947 338 2001 de
358 1949 518 2002 truncorum
537 1949 671 2005 divisione
949 1947 984 2012 ΙΙ,
1003 1949 1057 2012 6,9
1080 1947 1173 2012 latius,
1197 1946 1332 2001 nonnulla
1351 1963 1368 2000 a

1011 2033 1101 2086 Plinio
1122 2033 1280 2102 discrepant

183 2118 232 2170 39
303 2119 338 2172 de
357 2119 521 2188 ohamerope
952 2118 988 2181 ΙΙ,
1007 2119 1073 2183 6,Ῑὶ
1095 2117 1204 2171 brevius

182 2202 231 2257 41
303 2204 337 2258 de
355 2203 449 2272 palma
466 2204 545 2273 regia
685 2256 702 2271 ,,
835 2235 868 2244 -
951 2203 986 2268 ΙΙ,
1005 2205 1030 2269 6,
1041 2202 1063 2273 'lp
1075 2203 1160 2258 latine

187 2289 232 2343 47
303 2289 337 2343 de
357 2282 449 2344 noioe'
837 2280 879 2330 -'
949 2289 985 2354 ΙΙ,
1004 2290 1028 2354 6,
1040 2290 1074 2343 20
1092 2289 1186 2343 latius.

229 2382 298 2446 Nou
328 2384 431 2447 minus
464 2382 541 2448 ordo
568 2384 653 2465 apud
684 2403 738 2450 eos
770 2384 912 2449 diversus
942 2390 991 2448 est
1019 2384 1156 2463 duobus,
1186 2400 1266 2462 quos
1297 2396 1367 2443 mox

125 2489 366 2566 propositurus
397 2508 482 2568 sum,
512 2491 594 2555 loeis.
645 2491 784 2568 Quorum
816 2504 934 2571 quaeso
963 2508 1045 2569 nuno
1075 2488 1293 2570 contempleris
1323 2486 1367 2551 nil

130 2584 206 2652 uisi
231 2594 380 2676 ordinem,
404 2597 548 2677 quoniam
566 2598 605 2662 de
624 2597 768 2662 omnibus
789 2598 902 2662 ceteris
924 2597 1018 2661 rebus
1040 2601 1151 2676 postea
1170 2613 1273 2658 sermo
1296 2595 1365 2657 orit.

135 2690 297 2764 Ordinem
321 2701 514 2781 singularum
536 2704 672 2782 partium
694 2704 811 2769 litteris
834 2702 1018 2767 minusculis
1039 2700 1193 2765 iudicabo.

225 2803 302 2869 Plin.
325 2805 355 2870 h.
379 2826 410 2871 n.
432 2808 503 2885 XII,
524 2813 654 2873 15-16.
823 2808 978 2890 Thoopbr.
1001 2809 1030 2871 b.
1052 2806 1095 2887 pl.
1119 2807 1171 2888 lV,
1194 2812 1224 2881 4,
1236 2806 1325 2867 2-3.

145 2893 188 2962 b.
220 2902 321 2969 Malus
344 2908 535 2988 Assyria,
563 2926 656 2989 quam
678 2908 732 2973 alii
782 2923 823 2975 a.
854 2909 907 2970 καὶ
937 2910 1040 2971 ἔοικεν
1067 2903 1148 2979 ὅλως
1176 2900 1367 2975 ὁ·τόποςὸ

152 2994 299 3073 Medicam
332 2990 537 3093 nonnus?
570 3017 696 3078 venenis
708 3013 731 3096 ¹)
780 3008 863 3090 πρὸς
889 3006 1051 3080 anmatos
1077 3006 1132 3069 καὶ
1157 3006 1366 3086 μεσημβρίαν

159 3108 299 3175 medetur.
330 3127 365 3178 o.
379 3111 499 3176 Folium
514 3118 563 3176 est
578 3113 731 3178 unedonis
780 3105 894 3190 ὥσπερ
909 3107 963 3169 nal
988 3110 1053 3183 ζῶα
1075 3105 1129 3168 καὶ
1147 3105 1234 3187 W
1251 3109 1367 3193 'pepon

160 3208 375 3276 incurrentibus
391 3214 497 3293 spinis.
541 3212 581 3278 el.
601 3215 729 3279 Pomum
780 3206 849 3271 ἴδια
874 3208 966 3288 παρά
994 3205 1070 3279 τούς
1098 3201 1223 3276 ἄλλους·
1266 3191 1367 3304 Q

783 3308 801 3333 C!

161 3310 247 3387 ipsum
266 3312 423 3376 aliusnon
446 3313 614 3393 manditur,
635 3316 732 3380 odore
779 3337 799 3413 q
848 3335 892 3373 τε
942 3310 1088 3409 Μῃδία
1137 3308 1250 3390 χώρα
1297 3309 1366 3370 καὶ

159 3413 310 3495 praecellit
338 3413 482 3479 foliorum
510 3433 650 3497 quoque,
680 3417 734 3498 qui
782 3419 937 3499 Περσὶς
953 3415 1056 3482 ἄλλα
1072 3442 1114 3480 τε
1136 3423 1221 3498 ἔχει
1238 3416 1366 3479 πλείω

158 3515 264 3584 transit
293 3515 461 3581 investes
494 3534 557 3580 una
588 3518 732 3582 conditus
782 3499 1367 3610 Mum

120 3634 122 3639 ¹
153 3606 297 3693 arcetque
321 3615 501 3680 animalium
525 3617 625 3681 noxia.
778 3606 1074 3715 peo'Jr'epmnev
1094 3628 1364 3710 καλούμενον,

706 3771 710 3777 ·
779 3753 814 3803 c.
841 3734 931 3814 Ἔχει
962 3736 1000 3798 δὲ
1029 3739 1068 3800 τό
1102 3737 1239 3816 δένδρον
1268 3739 1366 3798 τοῦτο

737 3846 739 3850 ‘
780 3833 904 3918 φύλλον
930 3839 993 3915 μὲν
1021 3831 1133 3916 ὅμοιον
1160 3835 1215 3896 καὶ
1245 3834 1366 3913 σχεδόν

780 3932 853 3997 ἴσον
868 3937 914 4014 τῷ
929 3937 985 4018 τῆς
998 3932 1194 4017 ἀνδράχλης,
1212 3932 1366 4008 ἀκάνθας

217 4116 243 4188 1)
261 4089 344 4168 leobio
363 4114 485 4182 ‘veneris'
503 4117 561 4185 (w
577 4129 602 4173 ι
616 4115 654 4187 d)
672 4113 729 4169 sive
748 4116 840 4177 veneri
859 4116 929 4192 (W)
947 4113 1084 4170 refellitur
1101 4114 1300 4195 Theophrasto,
