2962 4696
700 290 739 349 57

112 463 235 544 dubito,
275 465 348 545 quin
377 468 561 535 novissimos
593 475 737 536 auctores
766 467 963 548 praetulerit.
1019 466 1175 532 Necnon
1207 468 1325 549 ingenti

111 568 178 633 lere
208 587 338 635 numero
360 572 548 639 voluminum
572 575 874 665 Theophrasteorum
898 573 981 639 haud
1004 573 1077 653 scio,
1098 590 1139 636 on
1162 592 1255 639 unuin
1277 575 1326 640 vel

112 675 247 739 alterum
270 675 319 741 hic
341 681 528 757 cognoverit.
556 712 560 719 =
579 681 721 761 Librum,
753 680 807 760 qui
829 679 997 760 inscriptus
1017 684 1086 742 erat
1107 679 1264 760 spectaris,
1287 681 1327 746 ob

112 799 149 845 eo
171 787 356 862 usurpatum
379 802 449 849 esse
471 785 560 867 Sillig
582 786 734 852 conclusit
756 805 793 849 cx
815 785 868 863 lX,
887 788 935 848 28.

197 887 258 952 Sed
280 886 359 952 haec
380 891 557 972 mittamus,
584 895 698 973 quippe
719 910 801 973 quas
826 891 929 956 minus
952 891 1077 955 adrem
1102 890 1190 955 nobis
1212 909 1328 972 propo·

113 993 207 1057 sitam
237 995 425 1074 pertineant.
469 997 517 1061 De
543 997 732 1063 animalibus
762 997 810 1062 hic
832 996 1033 1061 Aristotelem
1061 1013 1122 1060 non
1145 996 1245 1076 ipsum
1273 996 1328 1060 ade

113 1099 215 1163 hibuit
239 1101 294 1164 sed
317 1118 354 1164 ex
372 1101 475 1181 Trogo
496 1103 544 1166 vel
568 1103 629 1167 alio
650 1108 777 1169 auctore
798 1103 935 1183 accepit3
958 1101 1039 1165 unde
1061 1119 1101 1166 ne
1120 1088 1327 1182 Theophrasti

113 1206 240 1286 quidem
265 1207 305 1270 de
327 1208 513 1272 animalibus
536 1209 632 1274 libros
653 1228 724 1273 euin
747 1209 859 1288 legisse
882 1207 1049 1272 verisimile
1071 1212 1129 1272 cst.

198 1312 369 1394 Suspectus
392 1319 442 1378 est
462 1315 548 1379 locus
571 1313 610 1378 de
634 1315 787 1379 mensuris
811 1314 1001 1378 Circeiorum
1022 1313 1144 1377 insulae
1175 1313 1243 1396 (Ill,
1260 1313 1328 1395 57),

114 1437 153 1482 ex
176 1436 237 1498 quo
264 1418 423 1500 videmus,
455 1438 546 1500 quam
569 1421 707 1484 incertus
733 1426 841 1485 noster
872 1420 914 1483 sit
943 1418 1214 1500 deTheophrasti
1241 1419 1330 1484 libris

114 1522 320 1604 phytologicis
348 1525 395 1588 ita
417 1525 538 1590 dicens:
571 1525 819 1606 tTheophrastus
841 1574 848 1589 .
873 1574 880 1588 .
905 1573 912 1591 .
937 1526 968 1589 in
992 1542 1029 1588 co
1050 1525 1217 1605 volumine,
1249 1524 1329 1605 quod

114 1629 241 1709 scripsit
258 1629 421 1711 Nicodoro,
444 1631 679 1696 Atheniensium
701 1631 943 1710 magistratu
963 1629 988 1695 .'.
1032 1628 1330 1694 Inveniunturhaec

115 1735 147 1797 in
169 1734 197 1798 h.
220 1734 262 1815 pl.
285 1735 338 1814 IV,
356 1736 430 1817 s,3;
463 1735 518 1800 sed
547 1737 630 1818 quod
653 1737 795 1802 additum
824 1743 873 1800 est
901 1737 939 1800 de
960 1753 1060 1816 anno,
1089 1754 1152 1816 quo
1181 1735 1330 1800 historias

89 1839 298 1920 ,plantarum
331 1841 480 1922 scriptas¹
495 1860 563 1906 csse
594 1848 703 1922 putat,
742 1843 772 1905 id
807 1848 932 1923 spectat
961 1843 1002 1908 ad
1033 1842 1129 1907 libros
1159 1840 1198 1905 dc
1229 1841 1331 1905 causis

115 1944 297 2024 plantarum
334 1946 625 2029 (ci.ibil,19,4.).
674 1948 739 2012 Iam
768 1947 858 2027 Sillig
890 1953 997 2012 monet
1026 1948 1061 2028 (l,
1078 1949 1153 2027 231)
1188 1951 1328 2011 nostrum
1449 1954 1463 1975 ²

115 2050 278 2114 historiam
313 2058 345 2116 et
374 2070 485 2116 causas
513 2053 693 2133 plantarum
720 2071 778 2134 pro
810 2072 870 2117 uno
900 2070 994 2133 opere
1020 2053 1167 2118 habuisse
1197 2059 1230 2116 et
1259 2052 1331 2115 Birt

115 2155 168 2234 ici.
193 2156 269 2236 ‘Das
300 2154 409 2221 antilre
437 2158 636 2222 Buchwesen'
663 2177 693 2239 p.
710 2163 785 2239 457)
811 2176 848 2223 ex
877 2157 925 2222 his
952 2159 1027 2224 locis
1056 2157 1177 2224 collatis
1207 2157 1332 2237 collegit

116 2261 328 2343 Theophrasti
344 2263 443 2327 libros
464 2263 502 2327 de
523 2262 654 2328 historia
675 2269 709 2327 et
724 2264 762 2327 de
779 2265 882 2328 causis
896 2264 1076 2344 plantarum
1095 2282 1156 2328 uno
1174 2263 1331 2327 volumine

116 2371 280 2431 contentos
303 2366 397 2433 luisse
423 2375 520 2448 atquc
545 2368 603 2433 hos
625 2369 694 2433 illos
715 2371 931 2442 antecessisse.
973 2369 1105 2450 Utique,
1134 2376 1169 2434 ut
1190 2369 1331 2449 diximus,

115 2472 236 2555 Plinius
257 2472 295 2536 dc
316 2473 405 2537 libris
428 2473 635 2556 Theophrasti
654 2474 860 2558 phytologicis
883 2477 961 2541 satis
980 2482 1050 2541 erat
1072 2477 1207 2540 incertus
1231 2482 1273 2557 et,
1295 2481 1332 2540 ut

115 2579 259 2660 equidem
288 2579 400 2660 sciam,
427 2580 510 2643 tituli
532 2580 581 2661 (dc
604 2582 707 2646 causis
729 2581 919 2661 plantarum'
949 2582 1040 2664 (περὶ
1066 2585 1179 2664 φυτῶν
1205 2581 1331 2656 αἰτιῶν)

10 2769 23 2781 -
117 2684 203 2749 nullo
225 2684 291 2749 loco
313 2683 389 2748 facit
408 2686 605 2750 mentionem.

200 2790 417 2871 Suspicionem
438 2790 536 2854 habet
557 2791 672 2870 XXXI,
685 2795 734 2871 83,
754 2790 808 2855 ubi
825 2809 872 2870 eo,
894 2809 976 2872 quac
994 2790 1212 2872 Theophrasto
1231 2792 1331 2857 tribu-

117 2902 233 2976 untur,
261 2896 461 2960 consentiunt
484 2914 552 2960 curn
575 2897 745 2960 Aristotele
775 2896 950 2976 (Mctcorol.
973 2897 1013 2979 ΙΙ,
1033 2902 1061 2978 3,
1071 2899 1111 2962 th
1133 2898 1182 2962 cd.
1206 2896 1331 2961 Beklrer

55 3052 77 3063 ..
117 3002 141 3082 l,
159 3007 219 3066 359
230 3002 288 3084 A),
315 3003 462 3082 quoniam
491 3003 588 3084 accipi
619 3003 726 3084 nequit
753 3021 772 3066 a
796 3003 1014 3084 Theophrasto
1039 3004 1238 3068 Aristotelem
1265 3021 1332 3067 ma-

117 3108 251 3187 gistrum
275 3110 465 3188 exscriptum
490 3126 568 3173 esse.
1207 3105 1211 3111 '

198 3215 264 3280 Nec
285 3214 493 3295 suspicionem
523 3195 676 3296 effugiunt
704 3216 823 3297 capita,
852 3216 965 3297 quibus
988 3213 1196 3296 Theophrasti
1219 3232 1331 3278 nomen

120 3323 210 3388 simul
233 3341 302 3388 cum
324 3323 504 3387 Aristotelis
526 3321 641 3403 fertur,
670 3324 744 3404 quia
767 3340 865 3403 acque
887 3329 983 3402 atque
1006 3322 1086 3386 hunc
1109 3330 1141 3386 et
1162 3321 1247 3385 illum
1270 3321 1330 3383 iarn

120 3430 159 3494 ab
181 3429 243 3493 alio
266 3428 401 3510 quodam
424 3431 576 3510 scriptore
597 3435 630 3492 et
650 3447 705 3509 per
727 3447 797 3493 curn
819 3446 839 3492 a
861 3428 960 3492 Plinio
990 3433 1149 3510 acceptum
1173 3445 1241 3490 esse
1272 3444 1333 3490 non

120 3544 246 3616 praeter
263 3537 524 3615 exspectationem
539 3536 681 3619 evenis
697 3535 731 3598 ld
747 3540 853 3598 autem
872 3532 984 3599 accidit
1012 3532 1080 3614 VII,
1102 3536 1332 3606 195.197.205;

121 3642 389 3727 xxv111,21,oa
432 3640 493 3706 Sed
514 3641 654 3706 nonnulli
676 3642 707 3705 id
730 3658 829 3721 genus
848 3640 905 3704 loci
924 3640 1133 3719 inveniuntur,
1154 3638 1267 3718 quibus
1283 3637 1333 3702 vel

121 3748 389 3814 vehementissime
410 3747 596 3813 oilcndimus
620 3749 659 3812 de
682 3748 856 3812 sententiis.
900 3746 980 3809 Nam
1002 3744 1129 3810 eaedem
1150 3742 1333 3808 offensiones

121 3855 280 3934 diversae,
311 3872 390 3934 qnae
419 3855 481 3918 iam
515 3854 546 3916 in
577 3853 730 3934 capitibus
759 3869 855 3932 supra
884 3838 1029 3914 tractatis
1060 3850 1142 3913 inter
1169 3855 1333 3929 utrumque

122 3966 279 4026 auctorem
308 3960 397 4024 nobis
419 3965 636 4037 occurrerunt,
668 3959 868 4023 inveniuntur
889 3957 937 4021 rel
965 3957 1004 4020 iis
1025 3955 1116 4032 locis,
1147 3955 1262 4035 quibus
1281 3954 1334 4018 ille

121 4072 159 4133 ab
182 4068 242 4132 hoc
262 4067 463 4147 praedicatur
484 4071 603 4131 auctor.
621 4066 625 4073 '
