2962 4696
713 271 753 329 22

124 435 304 519 plantarum
332 441 402 507 usui
429 459 489 507 non
518 441 615 509 fuisse
639 443 672 508 in
694 443 774 508 Piini
796 444 835 508 de
856 441 1023 508 arboribus
1045 442 1220 524 peregrinis
1238 442 1346 522 -Iibria,

12 544 15 551 '
125 546 292 612 verisimile
312 545 349 612 fit
367 547 497 613 eandem
515 566 554 613 ne
569 549 599 613 in
615 551 728 615 ceteris
744 549 868 631 quidem
886 549 1038 614 universis
1055 549 1217 630 scriptoris
1231 547 1345 614 nostri.

125 653 238 736 Itaque
268 653 343 718 mihi
376 672 439 722 non
470 656 543 722 iicet
572 663 753 723 contentum
784 673 853 722 esse
884 656 984 736 capite
1014 673 1111 736 supra
1143 654 1257 721 collato
1287 656 1344 720 sed

125 759 349 841 perlustranda
372 768 448 828 sunt
468 769 573 829 cetera
595 763 699 828 omnia
721 768 778 827 aut
800 761 912 827 saltem
935 779 1039 827 eorum
1062 761 1162 825 maior
1184 778 1344 827 numerus.

208 865 399 949 Priusquam
435 876 539 935 autem
570 869 650 933 hanc
687 868 837 933 adeamus
868 868 1097 948 quaestionem,
1137 885 1264 933 necesse
1294 873 1345 935 est

127 963 297 1054 disserere,
325 973 399 1054 quid
421 992 536 1056 operae
557 979 664 1039 noster
686 974 717 1038 in
738 971 787 1038 his
808 973 896 1038 libris
918 972 1161 1055 consumpserit,
1187 973 1267 1039 etsi
1290 992 1344 1056 op

126 1079 290 1161 probrium
319 1081 432 1144 nimiae
460 1079 670 1145 festinationis
691 1080 883 1161 minorIsque
902 1079 1081 1159 diligentiae
1109 1080 1204 1144 etiam
1227 1079 1268 1144 de
1297 1079 1345 1144 his

81 1244 89 1271 ,
125 1186 213 1251 librIs
224 1186 381 1251 sustinere
398 1186 429 1250 iu
443 1186 547 1251 animo
566 1191 624 1266 est,
640 1186 671 1251 id
688 1187 784 1251 certIs
796 1186 982 1250 testimoniis
996 1192 1045 1250 est
1055 1184 1344 1251 demonstrandum.

126 1292 269 1358 Profecto
298 1291 357 1357 dici
386 1291 437 1356 iile
459 1299 567 1372 potest
588 1311 628 1357 ue
649 1294 680 1357 iu
702 1292 751 1357 his
774 1291 898 1374 quidem
920 1292 1007 1357 libris
1030 1292 1142 1356 nimiae
1162 1291 1344 1373 diligentiae

126 1416 201 1465 reus
222 1397 300 1462 fieri.
341 1399 406 1463 Iam
429 1417 527 1480 supra
550 1399 666 1465 mentio
688 1398 773 1463 iacta
793 1405 843 1463 est
863 1398 984 1479 balani,
1015 1415 1108 1478 quam
1132 1397 1219 1479 XIII,
1233 1402 1276 1462 61¹
1294 1398 1346 1464 hic

126 1505 229 1570 obiter
251 1510 485 1584 commemorat,
506 1523 573 1569 cum
596 1506 657 1568 ianr
679 1511 773 1569 antea
794 1522 861 1568 eam
884 1504 1085 1584 descripsisse
1106 1503 1169 1591 sibi
1188 1505 1345 1586 videatur,

127 1629 229 1693 neque
246 1612 343 1675 sentit
356 1611 450 1690 Iunge
465 1611 687 1675 diversasesse
704 1610 841 1689 arbores,
863 1609 987 1690 quibus,
1006 1616 1042 1674 ut
1059 1609 1125 1675 fere
1145 1609 1242 1675 fiebat
1258 1610 1345 1693 apud

104 1766 105 1772 κ
127 1720 268 1797 veterae,
297 1716 336 1780 ab
358 1700 631 1783 aliisauctoribus
652 1716 733 1779 idem
754 1734 865 1780 nomen
889 1716 996 1780 datum
1017 1722 1096 1782 erat.
1140 1716 1238 1793 Quam
1263 1718 1344 1781 enim

130 1821 366 1904 Theophrastus
398 1829 489 1887 vocat
521 1821 668 1886 baianum
703 1822 813 1901 (nunes
846 1820 1088 1903 Hyperanthera
1117 1811 1289 1904 Moringai
1306 1840 1345 1887 ea

127 1929 210 1994 inter
240 1929 471 2009 moringaceas,
507 1946 587 2009 quae
618 1934 786 2008 vocantur,
824 1927 965 2007 ducitur,
1001 1927 1112 2007 quibus
1142 1927 1268 1994 habitus
1296 1934 1347 1995 est

127 2034 410 2117 papilionaccarum
441 2053 459 2098 a
481 2035 656 2116 palmamm
683 2051 832 2115 perquam
860 2034 989 2098 alienus.
1037 2034 1138 2098 Porro
1160 2034 1186 2098 si
1208 2033 1346 2115 pistacia

129 2140 282 2220 (Pistacia
304 2158 379 2206 vera
401 2140 451 2222 L.)
473 2140 546 2222 huic
568 2140 662 2222 ‘nota’
682 2146 763 2214 erat.
783 2146 819 2204 ut
840 2158 858 2203 e
878 2140 969 2220 XIII,
985 2144 1021 2203 51
1046 2140 1188 2204 concludi
1209 2139 1346 2222 videtur,

129 2246 373 2327 exspectandum
402 2245 463 2308 init
484 2263 546 2309 nou
568 2245 715 2326 effugIsse
738 2263 825 2325 eum,
854 2245 1022 2326 quodiam
1043 2247 1120 2326 XII,
1142 2246 1182 2311 25
1211 2246 1346 2313 eandem

129 2351 271 2416 arborem
294 2352 421 2415 -sine
448 2351 570 2414 nonnius
596 2351 721 2430 quidem
747 2385 785 2396 -
807 2350 1025 2432 descripserat.
1069 2350 1146 2416 Cum
1169 2351 1287 2416 Plinius
1313 2357 1347 2416 et

129 2455 186 2521 hos
208 2456 324 2537 iibros,
346 2464 380 2520 ut
402 2474 497 2537 supra
519 2457 767 2521 demonstratum
787 2463 851 2537 cst,
882 2457 1108 2537 composuisset
1129 2458 1219 2522 nisus
1240 2458 1345 2525 indice

129 2567 313 2626 notatarum
329 2568 415 2628 certo
434 2561 562 2639 cornsilio
580 2561 808 2642 ordinatorum,
828 2562 881 2626 vin
898 2561 967 2626 fieri
988 2563 1128 2644 potuisse
1146 2568 1348 2643 putares,·ut

130 2667 262 2732 eandem
299 2668 441 2732 arborem
479 2667 586 2732 eodem
617 2667 696 2732 libro
734 2667 864 2732 diversis
896 2667 971 2733 Iocis
1007 2673 1170 2754 tractaret.
1227 2668 1348 2735 Tamen

130 2778 221 2838 tanta
242 2773 372 2838 levitate
392 2792 467 2839 usus
485 2773 524 2837 de
542 2773 686 2854 ‘styrace'
705 2773 753 2838 bis
776 2773 859 2854 (XII,
878 2778 913 2837 al
940 2780 973 2838 et
997 2772 1172 2856 raa-125)
1189 2773 1348 2857 disseruit,

129 2898 167 2943 ex
192 2880 316 2944 diverso
331 2879 498 2965 dumtaxat
517 2878 618 2956 Ionte3
641 2879 745 2959 priore
766 2878 845 2959 Ioco,
868 2884 904 2943 ut
926 2897 993 2943 sum
1007 2879 1205 2961 probaturus,
1229 2881 1349 2960 eIuba,

130 2984 229 3049 altero
258 2984 459 3050 fortassean
487 2984 697 3064 unguentarIo
724 2984 869 3064 quodam.
912 2985 953 3048 Et
981 2986 1171 3051 mouendum
1201 2990 1250 3051 est
1279 2991 1348 3053 tum

130 3089 257 3155 odorem
272 3090 431 3170 designari
451 3109 563 3172 acrem,
588 3097 654 3155 tum
673 3109 710 3155 ex
728 3096 856 3155 austero
878 3091 1052 3157 iucundum.
1095 3091 1152 3154 His
1175 3090 1250 3156 locis
1268 3092 1350 3156 mihi

130 3215 315 3278 persuasum
345 3203 395 3262 est
426 3198 540 3262 librum
573 3197 790 3262 duodecimum
819 3203 893 3278 post
925 3199 1113 3278 scripturam
1141 3197 1274 3279 primam
1306 3198 1349 3264 ab

132 3310 257 3367 auctore
279 3322 340 3367 non
357 3323 426 3369 esse
447 3308 662 3369 retractatam.
704 3303 785 3367 Nam
807 3304 833 3367 si
856 3322 916 3369 non
938 3305 1061 3385 saepius
1085 3303 1179 3368 semel
1198 3304 1350 3371 iterasset

131 3410 287 3491 laborem,
316 3410 348 3474 in
375 3411 433 3474 hoe
461 3413 488 3475 ei
518 3410 733 3474 offendendum
761 3409 830 3474 fuit.
872 3409 942 3474 Non
965 3409 1080 3474 desunt
1106 3415 1212 3474 cetera
1233 3412 1352 3477 menda

132 3517 352 3581 festinationis.
411 3518 557 3597 Legimus
592 3516 669 3596 XII,
698 3520 734 3579 9:
776 3515 972 3596 ,Celebratae
1000 3517 1111 3598 sunt1)
1150 3518 1282 3597 primum
1316 3519 1349 3583 in

132 3623 342 3687 ambulatione
370 3623 555 3688 academiae
582 3623 713 3688 nenena
743 3624 917 3688 caurorum
946 3623 1081 3688 xxxin
1110 3623 1214 3687 rauce
1242 3641 1349 3690 ramos
1385 3608 1389 3621 '

204 3816 230 3885 1)
248 3817 302 3871 Pro
318 3819 479 3885 ,celebratae
495 3820 566 3871 sunt’
578 3817 702 3888 Silligius
717 3820 826 3872 secutus
838 3817 1058 3888 Theophrastum
1077 3816 1121 3886 (cf.
1137 3816 1220 3871 etIam
1235 3815 1351 3872 Varron.

133 3919 184 3956 r.r.
195 3901 216 3965 l,
226 3902 259 3955 37
275 3904 313 3970 ,ut
325 3901 531 3971 Theophrastus
544 3903 654 3969 scribat,
673 3903 791 3958 Athenis
808 3903 835 3956 in
846 3903 942 3973 Lyceo,
961 3921 1023 3958 cum
1042 3901 1125 3958 etiam
1139 3907 1205 3956 tunc
1219 3899 1353 3970 platanus

134 3988 243 4041 novella
258 3992 338 4052 esset,
357 3987 463 4042 radices
476 3988 560 4042 trium
576 3991 605 4042 et
616 3988 734 4058 triginta
746 3987 900 4043 cubitorum
914 3989 1021 4059 egisse')
1033 3987 1190 4042 emendavit
1204 3985 1352 4054 ,celebrata

135 4080 194 4132 est’.
229 4079 358 4134 Mendum
378 4082 470 4134 ortum
488 4078 597 4134 videtur
619 4080 690 4135 falsa
708 4079 887 4134 distinctione
904 4080 979 4137 facta
996 4095 1030 4134 ex
1052 4078 1169 4136 lectione
1188 4073 1352 4146 tcelebratae
