2962 4696
964 152 969 185 l

748 440 795 502 δὲ
811 441 888 520 τῷν
906 432 1003 517 ὄζων
1020 435 1210 506 ἄκανθαν
1227 445 1341 524 ἔχειν

747 539 884 614 ὀξεῖαν
901 537 1066 622 σφόδρα
1086 539 1151 603 καὶ
1173 539 1341 607 τούτων

719 627 721 630 ’
747 638 792 700 δὲ
819 645 1134 718 καταγνυμένων
1163 633 1187 726 ἢ
1208 657 1341 719 προσ-

747 740 1000 818 τριβομένων
1053 736 1139 800 ὀπόν
1195 739 1341 820 ἐκρεῖν

747 833 886 913 natea,
903 830 1139 916 ὅςιίποτνφλοῐ
1151 825 1258 899 τᾶλλα
1271 826 1341 914 [aia

747 932 862 996 πάντα
878 933 932 996 καὶ
946 934 1029 1013 πρὸς
1044 934 1120 1007 τούς
1134 933 1341 1016 ἀνθρώπους

748 1033 783 1095 εἴ
796 1054 844 1106 τις
864 1038 1093 1114 προσροίνειεν
1111 1031 1233 1107 αὐτοῖς.

158 1119 189 1190 f.
218 1124 283 1189 Nec
313 1143 376 1190 non
407 1132 440 1193 et
468 1127 564 1194 herba
584 1147 701 1211 prae·
789 1126 820 1197 f.
848 1130 900 1194 Ἑν
928 1132 965 1193 δὲ
993 1129 1106 1204 τόποις
1133 1131 1201 1195 τισὶ
1230 1154 1340 1216 nepv-

118 1224 224 1306 cipui
255 1224 395 1292 odoris
424 1225 543 1293 referta
573 1230 701 1295 minutis
749 1237 839 1293 nevar
861 1229 935 1293 cad
956 1230 1114 1313 dordone,
1144 1230 1201 1315 ὑφ’
1220 1220 1242 1317 ᾗ
1261 1251 1341 1297 συν-

64 1405 67 1410 *
118 1322 332 1406 serpentibus,
361 1344 494 1409 quorum
516 1328 583 1394 ictu
603 1330 701 1410 proti·
750 1338 1007 1411 εσπειρωμένοος
1041 1325 1133 1412 ὄφεις
1161 1321 1247 1394 εἶναι
1285 1356 1341 1413 μι·

7 1424 9 1428 ’
117 1440 176 1489 nus
197 1423 392 1495 moriendum
415 1432 508 1491 esset
749 1428 843 1511 nonde
865 1428 1011 1511 σφόδρα·
1033 1428 1166 1503 τούτους
1188 1430 1218 1492 δ’
1240 1431 1277 1494 εἴ
1291 1455 1342 1507 τις

467 1600 470 1608 ¹
751 1529 853 1610 ἕμβοὲς
871 1527 1006 1612 πληγείη
1026 1516 1195 1599 Orionem.

160 1641 202 1710 g.
227 1624 420 1692 Onesicritus
442 1628 542 1693 tradit
564 1630 596 1693 in
618 1629 702 1711 Hyr·
792 1626 882 1703 Quod
906 1627 936 1689 in
954 1625 1172 1709 Theophrasto
1193 1629 1342 1710 sequitur

118 1724 227 1789 cuniae
263 1724 455 1789 convallibus
490 1726 549 1791 fico
584 1729 701 1794 similes
751 1725 790 1790 de
810 1724 923 1806 palmis
943 1726 1057 1804 crudis,
1088 1726 1209 1791 Plinius
1232 1726 1341 1810 habet,

45 1884 49 1892 .
119 1840 188 1887 esse
199 1821 345 1903 arbores,
357 1842 438 1906 quae
450 1830 597 1889 vocentur
608 1824 703 1907 occhi‚
750 1824 806 1888 ubi
836 1825 873 1888 de
904 1824 1014 1904 palmis
1044 1826 1133 1904 Xlll,
1150 1829 1199 1889 50.
1241 1825 1342 1912 ,Haec

87 1990 94 1999 Ι
119 1940 157 1986 ex
179 1921 295 2004 quibus
314 1921 432 1988 defluat
455 1923 514 1988 mel
533 1923 618 1989 horis
638 1943 703 1988 ma·
752 1941 826 1988 vero
843 1923 924 1987 Plini
944 1923 1002 2007 (g)
1027 1923 1262 2005 Theophrastus
1288 1943 1340 1990 re·

119 2021 229 2089 tutinis
252 2021 385 2087 duabus.
508 2032 512 2041 “
752 2021 900 2102 pudiavit.
1082 2037 1086 2046 ·

125 2158 131 2172 “
152 2228 156 2233 ι
201 2140 270 2224 His,
293 2161 373 2224 quae
391 2144 431 2209 de
452 2144 615 2209 arboribus
631 2144 849 2208 nonnullarum
870 2143 1044 2224 plagarum,
1063 2160 1144 2223 quas
1162 2141 1340 2210 Alexandri

119 2249 274 2330 expeditio
293 2250 412 2330 attigit,
433 2250 644 2331 proferuntur,
665 2254 833 2315 concentus
855 2248 937 2313 idem
959 2254 1007 2312 est
1029 2253 1123 2329 atque
1144 2248 1219 2313 locis
1241 2255 1341 2316 antea
1397 2269 1401 2273 ·

120 2356 268 2435 excussis,
290 2355 345 2420 sed
368 2356 551 2439 conspicuus
573 2361 622 2421 est
642 2356 729 2420 locus
752 2373 806 2434 eo,
828 2355 913 2436 quod
935 2355 967 2418 in
987 2354 1050 2419 fine
1071 2373 1121 2418 res
1143 2355 1340 2439 adiungitur,

121 2478 214 2542 quarn
236 2479 271 2525 ex
291 2461 467 2526 Onesicrito
489 2460 631 2526 hausisse
654 2467 761 2526 noster
783 2461 917 2527 simulat.
960 2462 1003 2526 ht
1022 2462 1231 2526 onesicritum
1252 2463 1340 2543 apud

120 2566 230 2632 Iubam
261 2584 294 2631 se
322 2567 435 2647 legisse
460 2554 727 2648 lpse'profitetur
748 2567 800 2648 Vl,
815 2571 864 2648 96,
894 2584 962 2631 cum
986 2566 1063 2632 dicit
1091 2565 1232 2631 ‘indicari
1266 2585 1341 2632 con-

120 2673 207 2737 venit
237 2690 317 2754 quae
345 2672 484 2752 prodidit
506 2657 701 2739 Onesicritus
731 2674 831 2739 classe
852 2672 1023 2737 Alexandri
1054 2672 1277 2757 circumvectus
1305 2673 1340 2761 in

122 2777 352 2842 mediterranea
373 2776 511 2842 Persidis
534 2796 572 2843 ex
591 2778 689 2860 India,
713 2784 860 2863 enarrata
883 2796 1034 2860 proxume
1055 2796 1074 2842 a
1098 2778 1191 2860 Iuba',
1236 2777 1340 2862 Unde,

121 2883 196 2964 quin
209 2884 418 2949 Onesicritum
437 2885 563 2949 omnino
587 2884 730 2949 hauserit
747 2903 764 2949 e
780 2883 868 2963 luha,
889 2885 951 2947 iam
973 2902 1034 2947 non
1052 2883 1260 2957 dubitandum
1278 2892 1340 2952 est.

121 2988 208 3054 Haec
229 3007 372 3071 suprema
394 2990 491 3070 igitur
512 2989 667 3055 debentur
684 2991 790 3055 iubae.
834 2991 1071 3072 Theophrastus
1097 2995 1202 3055 autem
1227 2990 1341 3056 Onesi-

122 3096 234 3160 critnm
267 3113 329 3160 non
351 3094 555 3179 adhibuerat,
585 3098 701 3180 quippe
730 3097 783 3180 qui
812 3095 982 3161 fabulosior
1006 3114 1101 3177 quam
1130 3098 1232 3161 verior
1253 3104 1341 3163 esset

122 3204 174 3282 (cf.
196 3204 234 3267 de
256 3222 293 3268 eo
316 3203 463 3271 Strabon.
475 3204 542 3284 XV,
564 3223 592 3285 p.
606 3207 666 3268 698
688 3209 721 3268 et
732 3203 864 3269 Gellium
877 3203 932 3282 IX,
950 3209 978 3286 4,
999 3203 1039 3284 3).
1082 3203 1174 3285 Quid,
1195 3206 1227 3268 in
1248 3210 1341 3270 tanta

123 3308 308 3377 difficultate
331 3312 370 3377 de
398 3314 518 3394 origine
540 3311 635 3376 totins
657 3311 716 3375 loci
745 3328 849 3374 nonne
871 3310 971 3375 nodus
992 3311 1053 3375 iste
1082 3310 1265 3390 simpliciter
1287 3330 1341 3376 ex·

123 3417 271 3498 solvitur,
299 3419 326 3483 si
349 3425 462 3483 cuncta
484 3417 562 3483 haec
584 3437 601 3482 e
623 3418 701 3482 Iuba
721 3416 848 3482 fluxisse
877 3417 1029 3498 ponitur?
1072 3416 1129 3481 Oui
1161 3419 1340 3484 sententiae

124 3523 241 3587 nullam
258 3543 322 3588 rem
342 3540 518 3605 repugnare
534 3530 644 3589 contra
666 3524 781 3588 multas
802 3523 907 3589 favere
927 3524 988 3589 alio
1004 3523 1072 3588 loco
1092 3525 1269 3589 accuratius
1283 3543 1340 3589 ex-

16 3615 20 3621 ’
123 3635 268 3711 ponetur.
312 3628 458 3694 Proximo
481 3631 583 3710 capite
604 3629 695 3695 huius
717 3629 871 3695 simillimo
892 3632 998 3711 agitur
1019 3630 1057 3693 de
1078 3631 1194 3711 plantis
1216 3631 1340 3697 insulae

125 3736 204 3817 Tyli.

194 3859 274 3923 Prin.
296 3877 327 3924 n.
350 3859 379 3922 n.
402 3860 473 3939 xn,
497 3859 628 3924 38—40.
793 3858 950 3940 rneopnr.
972 3858 1001 3922 n.
1023 3858 1065 3939 pr.
1087 3858 1141 3937 rr,
1160 3863 1188 3939 7,
1205 3862 1297 3923 r--s
1384 3824 1387 3829 ’

166 3975 206 4027 a.
230 3959 326 4042 Tylos
347 3959 449 4024 insula
465 3960 497 4024 in
514 3958 620 4025 eodem
640 3959 710 4023 sinu
793 3973 832 4025 a.
853 3958 904 4020 Ἐν
929 3959 1023 4038 Telo
1045 3958 1082 4022 δὲ
1104 3958 1203 4043 νήσῳ,
1234 3964 1342 4024 κεῖται

123 4069 192 4144 est,
224 4060 344 4141 repleta
366 4061 467 4142 silvis,
500 4082 564 4146 qua
587 4068 711 4144 spectat
752 4058 782 4120 δ’
804 4055 887 4140 αὕτη
917 4063 953 4125 ἐν
982 4064 1028 4143 τῷ
1055 4063 1187 4142 Ἀραβίῳ
1215 4050 1347 4163 κόλπῳζ
