2962 4696
659 284 805 365 ¹so

174 454 338 518 vehemens
354 453 408 517 illa
427 454 598 534 oppositio:
620 454 733 518 ‘vero'l
775 456 875 531 Quam
889 473 992 520 vocem
1008 461 1151 538 spectare
1166 459 1206 521 ad
1220 459 1388 524 discrimen

173 558 428 624 interimemus
456 565 489 622 et
515 558 555 623 ‘in
577 560 651 624 alto'
679 560 862 625 Muellerum
890 560 1010 642 effugit.
1060 563 1201 644 Denique
1230 564 1264 629 id
1285 582 1388 646 genus

174 665 369 731 confusiones
401 665 593 730 diversorum
627 684 774 746 generum
804 685 823 730 a
850 674 958 733 nostro
986 687 1049 733 nou
1076 688 1144 735 esse
1171 671 1293 736 alienas
1323 673 1387 737 iam

173 789 268 852 supra
289 771 535 837 demonstratum
560 776 619 836 est.

256 877 335 941 Tum
357 877 474 942 Plinius
504 877 583 942 alias
615 878 645 941 id
676 896 773 958 genus
796 881 1012 959 magnitudine
1042 882 1179 960 insignes
1201 883 1285 946 visas
1316 900 1388 948 esse

173 984 255 1048 circa
276 983 436 1064 Sicyonem
465 985 496 1046 in
518 990 676 1065 comperto
706 985 802 1049 habet
823 986 1041 1067 Theophrasto
1065 990 1200 1068 ignotas.
1243 989 1387 1069 Denique

173 1097 283 1154 narrat
314 1096 405 1154 extra
437 1089 579 1155 Herculis
607 1091 766 1157 columnas
795 1093 883 1172 gigni
922 1098 955 1157 et
986 1093 1128 1158 fmticem
1158 1096 1244 1174 porri
1276 1094 1389 1161 fronde

172 1196 215 1260 ‘et
235 1197 329 1262 alium
358 1196 467 1260 lauri
495 1214 540 1259 ac
566 1196 716 1277 thymi,
748 1216 933 1281 quamquam
958 1200 991 1263 in
1013 1199 1230 1281 Theophrasto
1252 1200 1388 1280 legitur:

172 1311 261 1377 τότε
283 1313 415 1395 πράσον
513 1318 632 1396 θῦμα
661 1315 730 1376 καὶ
760 1316 807 1376 col
839 1315 1073 1417 saphaad·
1102 1317 1171 1379 καὶ
1197 1316 1247 1380 col
1274 1311 1388 1382 dcto.

171 1432 238 1498 Nec
255 1431 351 1497 sentit
378 1437 485 1497 noster
507 1432 589 1497 hunc
608 1433 694 1514 porri
723 1431 832 1497 honde
853 1433 996 1500 fruticem
1026 1453 1094 1499 esse
1122 1435 1257 1515 ‘prason’
1286 1432 1389 1516 aeque

172 1544 268 1619 atque
289 1557 336 1617 ea,
366 1556 447 1619 quae
468 1556 565 1619 supra
586 1540 855 1620 commemoravit,
882 1558 1015 1619 genera,
1044 1558 1176 1620 quorum
1199 1543 1230 1605 in
1253 1559 1386 1606 numero

173 1644 214 1709 ab
243 1645 295 1709 illo
322 1645 395 1709 olim
425 1649 458 1708 et
485 1644 544 1708 hoc
571 1662 670 1724 genus
700 1649 870 1710 tractatum
900 1645 994 1712 fuisse
1023 1652 1170 1728 apparet,
1199 1664 1281 1712 nunc
1311 1662 1388 1710 vero

172 1752 284 1816 lacuna
306 1756 404 1832 patet.
445 1751 580 1814 Plinium
600 1755 701 1814 totum
721 1751 780 1815 hoc
798 1751 1004 1832 Theophrasti
1026 1758 1121 1834 caput
1135 1771 1196 1815 non
1214 1752 1388 1832 inspexisse
1474 1812 1477 1817 .

154 1857 241 1921 luce
263 1856 377 1922 clarius
403 1861 461 1921 est.
513 1857 605 1921 Unde
633 1862 736 1920 autem
765 1856 891 1921 fluxerit
920 1857 1022 1939 locus,
1054 1860 1231 1922 coniectura
1260 1861 1387 1940 assequi

172 1981 339 2044 possumus
362 1982 400 2028 ex
423 1962 622 2044 paragrapho
648 1968 722 2043 142,
754 1980 815 2042 qna
837 1965 982 2027 materies
1003 1965 1041 2028 de
1066 1964 1231 2030 arboribus
1257 1966 1387 2030 marinis

172 2069 345 2134 absolvitur
366 2073 540 2152 auctorque
562 2069 709 2133 laudatur
729 2069 817 2133 Iuba.
868 2069 977 2152 Neque
998 2071 1079 2133 enim
1101 2072 1238 2152 ineptum
1260 2071 1388 2136 videtur

171 2195 273 2260 neque
295 2175 466 2256 quidquam
489 2175 635 2257 impedit,
669 2175 831 2255 quominus
860 2175 899 2238 de
919 2173 978 2239 hoc
1000 2175 1067 2239 loco
1092 2177 1172 2240 idem
1195 2176 1385 2257 statuamus,

172 2283 254 2364 quod
276 2283 338 2346 iam
358 2299 454 2362 supra
476 2279 514 2344 de
535 2281 606 2359 XII,
623 2284 744 2344 33-34
766 2287 798 2344 et
822 2286 953 2345 39—40.
1337 2286 1340 2291 '
1420 2272 1423 2276 ’

255 2388 297 2452 Ηί
318 2388 439 2480 priores
461 2392 616 2468 quotquot
636 2387 836 2467 produximus
855 2388 912 2452 loci
928 2387 1063 2452 Pliniani
1082 2406 1152 2452 cum
1168 2387 1387 2469 Theophrasto

173 2512 280 2559 omnes
302 2494 407 2576 aliquo
427 2493 518 2557 modo
542 2493 769 2574 congruebant;
802 2510 881 2573 quos
910 2512 981 2558 vcro
1010 2494 1188 2558 adiuncturi
1218 2512 1325 2560 sumus
1347 2495 1387 2559 de

171 2599 321 2665 mastiche
343 2605 375 2664 at
395 2598 433 2664 de
453 2598 554 2664 ferula
575 2616 751 2680 perpaucas
775 2617 826 2664 res
846 2598 963 2663 habent
983 2617 1169 2664 communes.

285 2720 366 2784 Plin.
387 2739 417 2782 n.
437 2718 468 2785 h.
491 2719 561 2798 XII,
584 2720 633 2783 72.
874 2715 1029 2796 Theophr.
1052 2716 1082 2780 h.
1104 2715 1145 2796 pl.
1170 2714 1222 2793 VI,
1237 2719 1267 2793 4,
1286 2719 1314 2778 9.

170 2816 754 2899 Ergotransitinmastichen,
801 2812 1387 2896 Ἡίξίνηδὲφύεταιμὲνούπολ-
1431 2818 1451 2829 ·’

171 2936 275 3000 quae
303 2922 415 2982 etex
443 2917 526 2981 alia
557 2917 673 2996 spina
702 2914 755 2977 fit
803 2912 1286 2995 iaxoddrco'pviicadcsocm.
1308 2911 1386 2976 Ἀπὰ

171 3015 532 3096 inlndiaitemque
548 3013 753 3093 inhrabia,
803 3014 841 3075 δὲ
861 3016 918 3097 τῆς
940 3014 1025 3096 ῥίζης
1045 3021 1170 3094 μέσης
1197 3011 1386 3095 concopu-

170 3116 321 3180 lainam
338 3119 497 3180 vocant.
526 3113 585 3178 Sed
603 3112 753 3178 mastiche
801 3112 888 3186 ccadg
909 3107 1029 3186 ἄκανος
1049 3112 1255 3194 §consponsor
1271 3108 1388 3194 ὥσπερ

170 3232 295 3299 quoque
314 3217 439 3296 gemina
461 3219 524 3293 est,
554 3213 754 3295 quoniamst
801 3211 905 3295 μῆλον
933 3201 980 3274 εὖ
1001 3211 1113 3293 μάλα
1143 3202 1388 3293 ἐπικεκρυμ·

169 3315 329 3380 inhsia
357 3313 608 3394 Graeciaque
636 3312 753 3393 reperi·
801 3318 926 3392 μένον
966 3310 1046 3374 ὑπὸ
1087 3313 1164 3374 τῶν
1207 3307 1387 3393 φύλλων·

170 3410 225 3479 t'nr
246 3413 345 3479 herba
363 3431 382 3477 a
399 3413 502 3476 radice
520 3411 594 3475 lolia
607 3411 752 3475 emittens
801 3397 896 3483 οὗτος
916 3410 955 3472 dl
976 3409 1043 3472 ἐπὶ
1063 3413 1135 3473 τοῦ
1150 3406 1275 3492 ἄκρου
1294 3417 1390 3492 φέρει

169 3518 203 3579 ct
233 3513 381 3579 carduum
410 3510 540 3575 similem
568 3511 668 3591 ma10,
698 3528 752 3575 sc·
801 3509 839 3571 cd
850 3507 992 3591 δάκρυον
1003 3503 1176 3590 εὔστομον,
1191 3507 1387 3572 καὶτοῦτό

168 3613 287 3677 minis
334 3611 460 3692 plenum
505 3627 549 3675 ac
595 3609 752 3690 lacrimae,
802 3608 1383 3692 doccvdo'xaodcadpaoctxp.

169 3729 273 3796 quae
292 3709 470 3790 erumpit
487 3709 617 3774 incisa
637 3714 753 3789 parte

169 3796 329 3890 summa,
351 3810 419 3875 vix
436 3814 480 3874 ut
499 3809 753 3889 dinoscipos-

151 3907 492 3993 ,sitamastiche
523 3926 625 3973 vera.
672 3907 754 3972 Nec

167 4026 245 4073 non
274 4009 403 4074 tertia
434 4009 474 4071 in
500 4008 635 4072 Ponto
671 4010 752 4083 est,

169 4107 362 4174 bitumini
391 4106 582 4187 similior,
617 4104 752 4170 lauda·

168 4205 334 4272 tissima
375 4210 509 4271 autem
538 4202 634 4269 chio
667 4219 752 4268 con·

16 4380 259 4430 “A
