2962 4696
713 278 753 336 bl

124 451 163 515 de
184 451 322 531 ratione,
352 466 434 529 quae
454 450 539 513 inter
560 448 731 528 scriptores
754 452 877 513 nostros
901 447 1083 529 intercedit,
1111 444 1189 511 nihil
1212 444 1284 509 novi
1306 441 1337 506 in

123 557 162 621 iis
184 554 446 637 deprehendatur.

207 679 254 743 De
275 678 417 741 balsamo
437 676 519 758 (Xll,
539 675 714 757 lli—123)
736 675 913 739 novissimis
928 674 1008 737 Plini
1030 673 1221 755 temporibus
1239 674 1340 739 multo

125 784 322 850 accuratiora
353 788 478 864 praesto
508 786 616 861 erant,
645 798 738 862 quarn
766 780 907 844 omnibus
933 781 1104 861 prioribus,
1131 780 1281 861 quoniam
1308 784 1340 843 et

125 890 242 954 multos
260 890 419 953 Romanos
437 906 475 952 ex
493 887 609 951 Iudaea
629 887 798 950 redeuntes
818 892 884 950 tum
907 886 1056 966 temporis
1074 885 1111 950 de
1131 886 1170 949 iis
1191 902 1340 951 narrasse

126 995 294 1060 verisimile
322 998 427 1058 estet
454 993 583 1058 arbores
604 993 688 1073 ipsas
710 992 893 1071 Vespasiani
923 989 1080 1071 triumpho
1104 995 1246 1054 ostentas
1271 1008 1340 1055 esse

126 1102 193 1182 ipse
215 1102 265 1165 bic
288 1100 373 1165 dicit.
418 1102 534 1164 Tamen
556 1098 726 1163 iactantius
749 1115 840 1179 quam
858 1098 964 1161 verius
984 1096 1148 1177 praedicat
1165 1095 1340 1161 balsamum

125 1208 158 1272 in
181 1212 282 1272 totum
304 1206 366 1270 alia
382 1211 497 1270 natura
514 1223 591 1285 esse,
615 1222 707 1285 quam
723 1204 854 1268 Romani
877 1204 1057 1283 externique
1076 1201 1117 1265 ad
1136 1202 1167 1266 id
1191 1202 1342 1283 temporis

126 1312 323 1392 rettulerint,
353 1311 603 1393 quandoquidem
634 1327 653 1373 a
685 1309 902 1390 Theophrasto
937 1309 1097 1390 complura
1127 1308 1187 1372 iarn
1219 1310 1343 1389 pariter

126 1419 268 1500 exposita
289 1417 427 1482 videmus
451 1423 546 1498 atque
567 1417 607 1481 ab
627 1417 704 1497 ipso.

211 1540 258 1604 De
278 1540 390 1622 palmis
414 1539 510 1623 (XIII,
530 1538 664 1620 26-50)
687 1541 747 1602 iarn
771 1537 1002 1618 supradictum
1022 1541 1072 1599 est
1092 1533 1227 1599 Plinium
1249 1534 1342 1599 simul

128 1644 228 1709 multa
259 1644 384 1724 quidem
421 1662 492 1709 curn
522 1644 741 1724 Theophrasto
776 1643 891 1707 habere
921 1640 1110 1720 communia,
1150 1639 1205 1703 sed
1234 1639 1343 1705 ordine

127 1768 232 1814 rerum
260 1748 381 1812 abillo
412 1766 604 1828 magnopere
633 1747 812 1813 abhorrere.
859 1747 902 1813 Ut
928 1752 1033 1811 cetera
1060 1746 1220 1826 omittam,
1251 1744 1342 1822 adde,

128 1855 210 1937 quod
233 1854 294 1919 duo
313 1871 439 1934 genera,
463 1870 543 1934 qnae
564 1855 597 1918 in
615 1854 718 1935 Cypro
740 1858 914 1919 nascuntur
936 1851 1104 1932 (Theophr.
1127 1852 1166 1931 ll,
1184 1854 1243 1932 6,7
1259 1855 1293 1916 et
1310 1852 1342 1933 8)

129 1959 268 2040 quamvis
290 1960 431 2038 diversa,
453 1960 601 2024 inunum
625 1959 772 2024 confudit.

211 2082 253 2146 Et
282 2081 320 2144 de
349 2086 418 2144 ture
450 2084 483 2145 et
511 2098 617 2145 murra
651 2081 732 2163 (XII,
749 2081 883 2159 51-71)
911 2077 1060 2143 nonnulla
1088 2077 1224 2159 profert,
1262 2094 1345 2159 quae

130 2205 197 2252 cnm
221 2186 442 2267 Theophrasto
465 2184 532 2266 (lli,
551 2185 583 2267 4)
606 2205 666 2250 non
688 2186 906 2260 consentiunt3
927 2201 989 2263 quo
1010 2184 1048 2247 de
1070 2183 1170 2264 capite
1191 2183 1222 2247 in
1244 2184 1346 2253 altera

129 2292 222 2356 huius
247 2292 478 2356 dissertationis
500 2297 591 2372 parte
611 2296 753 2372 potestas
776 2291 896 2354 leretur
918 2288 1039 2370 agendi.

211 2421 333 2499 Restat,
353 2425 388 2483 nt
404 2418 519 2483 addam
539 2419 577 2483 de
594 2437 713 2500 papyro
730 2420 830 2499 lell,
841 2419 977 2498 68-89)
994 2435 1075 2499 quae
1092 2417 1192 2498 ipsam
1209 2416 1345 2481 herbam

130 2527 289 2591 attineant
322 2523 562 2589 describendam
598 2524 779 2605 plerumque
820 2524 986 2589 convenire
1021 2540 1090 2587 curn
1127 2522 1346 2605 Theophrasto

131 2632 197 2713 (lV,
216 2635 244 2711 8,
256 2631 360 2709 3-4).

212 2752 260 2816 De
286 2752 480 2816 cinnamomo
518 2755 550 2814 et
585 2753 672 2816 casia
708 2752 808 2830 (XIII,
834 2754 970 2831 85—98)
1009 2756 1167 2817 auctorem
1201 2751 1347 2832 sequitur

131 2859 331 2921 recentiorem
357 2864 390 2920 et
417 2856 606 2937 pleniorem;
638 2862 759 2936 partem
789 2857 948 2936 quandam
978 2857 1128 2921 materiae
1155 2856 1217 2921 iam
1247 2855 1348 2921 Theo-

129 2962 280 3043 phrastus
304 2960 444 3042 exhibet;
469 2960 666 3025 differentiae
689 2979 751 3025 non
773 2964 984 3042 reperiuntur.

213 3084 335 3147 Horum
365 3083 463 3163 igitur
494 3084 630 3164 capitum
662 3091 788 3165 partes,
820 3103 900 3166 quae
929 3085 1030 3149 Plinio
1061 3089 1094 3151 et
1127 3081 1346 3164 Theophrasto

132 3207 307 3254 communes
327 3196 416 3268 sunt,
445 3190 575 3254 eandem
598 3193 753 3255 rationem
781 3192 899 3255 variam
923 3192 1099 3271 ostendunt!
1121 3196 1215 3270 atque
1238 3205 1347 3253 ornnes

131 3297 260 3376 priores.
308 3297 479 3361 Praeterea
515 3297 703 3361 monendum
736 3302 785 3361 est
823 3315 891 3361 eam
926 3297 1093 3377 originem,
1139 3313 1231 3376 quam
1267 3293 1348 3361 haee

133 3418 242 3482 cepere
277 3418 315 3464 ex
344 3407 473 3466 anctore
503 3404 656 3483 quodam,
686 3404 740 3482 qui
768 3404 866 3468 multa
894 3404 957 3468 iam
978 3401 1193 3483 Theophrasto
1216 3384 1349 3480 'cognita

133 3505 286 3588 praebuit,
309 3507 365 3570 sed
387 3507 487 3570 multa
504 3509 637 3573 nescivit
654 3509 719 3572 sive
738 3510 875 3589 neglexit
897 3510 962 3574 sive
977 3508 1140 3573 voluntate
1157 3506 1349 3587 repudiavit,

12 3700 17 3709 Ι
133 3612 234 3677 multa
251 3611 342 3677 aliter
360 3612 527 3692 explicavit
545 3614 699 3694 pluraque
715 3614 837 3678 addidit
848 3615 893 3680 illi
912 3616 1031 3696 ignota,
1050 3612 1179 3679 eandem
1193 3612 1347 3691 originem

134 3717 230 3781 ctiam
251 3717 394 3783 omnibus
413 3716 489 3784 loeis
505 3728 601 3785 antea
620 3720 765 3785 exhibitis
783 3721 921 3786 tribuere
943 3720 1029 3785 nulla
1050 3739 1086 3785 re
1104 3737 1160 3783 nos
1176 3716 1348 3799 prohiberi.

135 3820 384 3903 Theophrastum
409 3843 484 3889 vero
515 3845 670 3909 nusquam
700 3827 889 3907 exscriptum
917 3845 985 3892 esse
1014 3844 1050 3891 ex
1078 3824 1237 3903 omnibus,
1266 3834 1350 3904 quoe

135 3924 300 4005 disputata
326 3936 416 4007 snut,
446 3930 512 3998 lucc
541 3935 655 3999 elarius
683 3933 815 3997 videtur.
865 3933 972 4015 Quae,
998 3951 1067 3999 cum
1096 3933 1158 3995 iam
1185 3929 1226 3995 ad
1254 3927 1350 3993 fineru

127 4027 228 4095 huius
251 4032 470 4115 disputationis
491 4042 735 4122 pervenerimus,
758 4042 866 4122 parneis
885 4040 1046 4122 complecti
1068 4040 1100 4103 in
1122 4038 1226 4103 animo
1247 4042 1309 4102 est.
