2962 4696
675 277 807 339 ,42

183 445 277 512 ulta
308 452 340 513 et
368 449 493 514 Arriam.
513 448 605 514 anab.
627 449 696 532 Vll,
716 449 769 531 20)
799 450 853 515 illa
881 449 1006 530 legerit,
1034 449 1146 530 quibus
1178 447 1321 530 quaestio
1352 446 1396 511 de

179 555 328 636 lanigeris
354 555 394 619 ad
424 554 517 620 finem
542 556 695 637 perducta
716 562 801 638 erat,
831 556 885 636 sed
915 557 981 637 ipse
1005 555 1203 622 accuratiora
1234 554 1314 619 scire
1334 552 1398 619 sibi

181 661 266 726 uisus
298 661 350 726 sit.
398 661 548 742 Apertum
569 667 618 728 est
647 681 685 728 ex
714 664 767 742 iis,
797 682 879 746 qnae
900 662 1020 727 Plinius
1050 659 1201 742 excussit,
1229 658 1338 725 Iubam
1358 658 1398 724 cie

181 771 250 831 tota
271 785 305 831 re
326 766 422 851 fusius
444 767 562 849 egisse,
591 787 647 834 nec
667 769 801 834 alienum
825 770 965 849 uidetur,
990 773 1025 835 nt
1044 785 1125 850 quse
1145 767 1230 848 apud
1252 771 1398 831 nostrum

181 872 372 938 antecedunt
393 880 507 939 cuncta
533 893 572 939 cx
602 874 655 939 illo
676 877 791 942 hausta
812 893 881 940 esse
902 875 1109 954 arbitremur,
1138 891 1218 953 qnae
1240 871 1400 937 sententia

182 979 299 1060 optime
321 980 457 1060 quadrat
478 981 518 1044 ad
549 1000 597 1062 ea,
625 1001 706 1063 quae
735 999 831 1063 supra
859 980 1001 1062 exposita
1030 984 1114 1044 sunt.
1158 978 1265 1044 iubam
1287 978 1400 1058 igitur,

180 1088 350 1167 postquam
376 1103 527 1151 summam
557 1089 602 1152 rei
635 1087 803 1152 secundum
830 1086 946 1151 iontem
976 1105 1064 1151 suum
1087 1084 1286 1166 explanavit,
1319 1101 1400 1147 nou-

182 1189 277 1256 nuilis
307 1190 401 1267 rebus
435 1192 551 1258 additis
581 1194 631 1258 vel
659 1193 807 1258 correctis
840 1193 1015 1274 professum
1048 1209 1117 1256 esse
1148 1190 1289 1271 suspicor
1321 1189 1401 1253 haec
1450 1183 1453 1187 ’

183 1299 282 1380 ipsius
310 1299 521 1380 experientiae
551 1299 666 1365 deberi.
719 1301 830 1380 ltaque
852 1299 973 1363 Plinius
996 1299 1035 1362 de
1056 1298 1114 1362 hac
1136 1314 1200 1362 una
1227 1314 1261 1361 re
1288 1295 1401 1360 labam

80 1472 82 1478 ,
184 1404 309 1484 laudat,
337 1422 522 1488 quamquam
545 1411 645 1471 totum
667 1410 763 1487 caput
781 1424 819 1470 ex
842 1423 879 1470 eo
901 1405 1017 1469 hausit.
1059 1404 1130 1482 Qua
1159 1422 1193 1467 rc
1222 1401 1402 1467 consideres
1456 1422 1459 1427 ·

184 1528 312 1592 quaese,
330 1521 481 1592 quantum
501 1512 619 1577 distent
629 1513 712 1576 Plini
727 1511 849 1593 (Iubae)
869 1517 902 1575 61
913 1509 1119 1591 Theophrasti
1136 1509 1231 1574 verba
1249 1514 1401 1571 extrema.

185 1615 242 1681 1116
263 1634 327 1681 rem
348 1617 504 1682 concludit
525 1616 591 1682 his:
620 1617 717 1695 ‘Quae
738 1635 806 1682 cum
834 1618 879 1681 ita
901 1617 982 1694 sint,
1017 1617 1056 1681 de
1076 1612 1403 1711 Arabiaearboribus

83 1727 85 1730 ’
184 1722 334 1802 lanigeris
363 1722 444 1787 idam
473 1723 558 1787 ualet
586 1729 682 1805 atque
709 1722 836 1787 Indiae'.
879 1723 922 1786 ht
949 1722 1086 1786 Plinius:
1105 1721 1175 1786 *Sic
1196 1724 1229 1785 et
1250 1719 1346 1784 Indos
1369 1725 1403 1783 et

186 1826 306 1893 Arabes
335 1844 428 1893 suae
457 1829 585 1894 arbores
615 1828 765 1893 vestiunt'
792 1828 823 1893 id
853 1833 915 1892 est:
954 1826 1013 1892 ‘Sic
1042 1834 1074 1893 et
1102 1827 1191 1892 India
1220 1829 1252 1890 et
1279 1823 1404 1889 Arabia

186 1951 259 1999 suas
278 1952 418 2016 quaeque
440 1940 544 1999 vestes
565 1935 668 2016 giguit
687 1935 877 2016 peculiares,
909 1939 1022 2016 atque,
1044 1937 1080 1998 ut
1102 1933 1218 1997 dictum
1239 1935 1303 2009 est,
1324 1928 1405 1994 haec

185 2041 451 2123 praestantiores,
481 2040 534 2105 illa
557 2038 702 2106 viliores'.
751 2041 827 2105 Rem
853 2041 899 2104 ita
921 2057 990 2103 esse
1011 2044 1044 2103 et
1066 2057 1101 2102 eo
1123 2037 1292 2119 probatur,
1318 2034 1404 2116 quod

185 2147 247 2211 iam
284 2148 314 2210 in
344 2147 499 2228 prioribus
529 2146 611 2211 Plini
643 2145 746 2211 verbis
776 2146 1011 2228 Theophrastus
1043 2151 1203 2209 correctus
1233 2148 1298 2223 eat,
1332 2159 1405 2206 cum
1468 2176 1471 2181 ·

188 2254 376 2319 scriberetur
400 2256 512 2317 mestos
532 2255 670 2334 pretioso
691 2253 800 2317 linteo'
828 2254 880 2317 iilo
904 2251 1071 2317 exhibente
1101 2250 1159 2322 cola
1180 2253 1242 2331 pto
1264 2247 1405 2321 εὐτελεῖς

187 2360 246 2432 τοὶς
270 2360 308 2421 δὲ
333 2358 641 2431 πολυτελεστάτους.
683 2358 800 2425 Plinius
822 2360 889 2439 ipsc
905 2365 1010 2423 autem
1033 2358 1065 2422 id
1081 2375 1179 2439 genus
1194 2355 1405 2421 correctiones

188 2482 248 2528 non
272 2465 338 2529 sine
359 2482 473 2544 magno
497 2463 631 2528 clamore
655 2463 735 2528 16116
756 2465 846 2529 solet.

271 2569 331 2634 Sed
355 2573 573 2635 continuemus
596 2577 693 2651 caput
713 2577 866 2635 nostrum.

231 2673 274 2741 cl.
296 2677 330 2740 ln
351 2677 436 2758 Tylis
457 2682 562 2742 autem
585 2678 699 2742 etalio
722 2696 773 2741 ar·
863 2677 905 2745 u.
935 2666 1033 2740 Εἶναι
1054 2675 1092 2737 δὲ
1118 2670 1202 2738 ἄλλα
1224 2674 1407 2757 heordpen&

73 2838 77 2845 ,
189 2774 249 2839 bor
277 2775 368 2839 floret
406 2776 497 2841 albae
528 2776 629 2841 violae
659 2777 772 2860 Specie,
821 2773 927 2849 ἄνθος
956 2777 1074 2855 ἔχοντα
1111 2771 1223 2857 ὅμοιον
1255 2777 1301 2855 τῷ
1335 2773 1407 2838 λευ-

190 2873 244 2937 sed
261 2875 478 2954 magnitudine
494 2875 687 2956 quadriplici,
707 2877 773 2940 sine
821 2875 897 2956 κοΐῳ
917 2875 1004 2964 πλὴν
1024 2870 1167 2957 ἄοδμον,
1197 2878 1244 2956 τῷ
1270 2878 1409 2956 μεγέθει

190 2973 299 3052 odore,
329 2975 431 3054 quod
459 2977 646 3040 miremur
668 2977 709 3040 in
730 2993 773 3040 eo
821 2982 876 3045 καὶ
898 2978 1142 3061 τετραπλάσιον
1162 2980 1228 3041 τῶν
1249 2977 1316 3040 ἴων.

192 3077 335 3138 tractu.

233 3190 271 3239 e.
299 3175 358 3239 usa
381 3182 414 3240 eo
435 3176 496 3240 aria
513 3176 624 3241 similis
651 3175 774 3273 [Q
863 3196 901 3245 e.
931 3179 996 3244 uae
1017 3179 1130 3260 respon
1147 3178 1188 3241 aa
1208 3161 1240 3240 ‘a
1270 3176 1409 3256 δένδρον

148 3384 151 3391 Ι
191 3301 271 3401 Q
287 3305 391 3362 tamen
409 3299 552 3381 roseique
566 3296 663 3375 floris,
683 3315 773 3378 quem
822 3305 850 3344 π
854 3280 1086 3383 011311Ᾱο1
1108 3275 1223 3361 ὥσπερ
1238 3276 1285 3340 τὰ
1298 3276 1409 3385 aidica·

192 3431 288 3487 noctu
317 3424 521 3504 comprimens
552 3423 674 3503 aperire
700 3421 774 3484 inei·
822 3402 983 3487 τοῦτοδὲ
1012 3401 1072 3486 viil
1101 3401 1162 3480 μὲν
1191 3396 1293 3461 νύκτα
1323 3414 1408 3515 ‘ifle‘-
1437 3466 1441 3471 .

192 3526 239 3608 pit
254 3525 333 3589 solis
355 3530 480 3605 exortu,
509 3522 638 3588 meridie
658 3540 774 3602 expan·
822 3501 932 3585 μύειν,
963 3498 1035 3580 ἅμα
1056 3500 1093 3563 δὲ
1115 3502 1161 3580 τῷ
1181 3498 1259 3579 ἡλίῳ
1281 3497 1411 3560 α’νιοντι

193 3628 250 3693 dit.
281 3624 404 3693 lncolae
425 3626 561 3690 dormire
573 3641 641 3688 eum
656 3624 774 3689 dicunt.
824 3604 1046 3683 διθίννυσθαι,
1074 3602 1278 3681 pecpppplag
1299 3597 1410 3659 ‘531⁸'
1448 3668 1453 3673 .

823 3704 902 3776 λέως
920 3696 1139 3779 διεπτύχθαι,
1163 3697 1265 3760 πάλιν
1287 3696 1326 3759 aa
1351 3699 1410 3782 τῆς

824 3802 932 3883 δείλης
954 3799 1162 3879 συνάγεσθαι
1188 3796 1272 3859 κατά
1293 3796 1412 3879 μικρὸν
1461 3850 1472 3859 .

824 3901 879 3964 καὶ
901 3900 962 3983 τήν
981 3897 1084 3962 νύκτα
1106 3895 1276 3979 comptem·
1304 3894 1412 3975 λέγειν

826 4002 864 4064 δὲ
885 4000 939 4062 καὶ
960 3999 1036 4072 τούς
1053 3999 1242 4095 ἐγχωρίους,Ι
1254 3993 1304 4059 ὅτι
1326 4000 1412 4058 καθ·

825 4101 922 4168 εὕδει.
