2962 4696
734 255 861 359 ουΙ

145 472 366 538 antecedente’.
404 470 463 536 Sed
476 469 674 536 Academiam
689 487 760 532 eum
771 467 849 533 falso
867 467 1010 550 posuisse
1025 485 1084 547 pro
1096 469 1197 551 Lyceo
1212 468 1367 535 docemur>
1438 530 1444 535 .

72 656 76 661 Ι
146 579 363 660 Theophrasto
384 579 406 657 l,
428 583 490 656 7‚·1
520 575 700 643 exhibente:
733 570 829 664 ἤγουν
857 577 893 640 ἐν
919 579 965 665 τῷ
987 558 1116 659 Λυκείῳ
1144 575 1165 663 ἦ
1194 577 1361 655 πλάτανος

145 686 164 770 ἡ
184 686 269 749 narei
297 685 355 749 τόν
382 684 499 764 ὀχετόν
520 688 570 761 ἔτι
589 690 648 755 νέοι
669 672 753 749 οὖσα
775 683 832 747 ἐπὶ
859 686 945 765 τρεῖς
969 683 1024 746 καὶ
1046 683 1220 767 τριάκοντα
1245 684 1361 767 πέχεις

144 793 269 880 ἀφῆκεν
293 795 413 872 ἔχουσα
433 793 539 856 τόπον
561 815 598 854 τε
619 789 691 873 ἅμα
711 788 920 877 καὶεροφήν.
962 789 1111 856 Similiter
1133 809 1184 857 res
1208 792 1360 858 sehabet

122 899 308 977 'X111‚100.
351 899 461 980 Thyon
485 899 551 963 sive
572 899 680 980 thyam
703 898 784 964 inter
805 897 929 962 delicias
954 896 1062 962 Circae
1081 902 1184 962 ustam
1205 903 1298 981 putat
1318 898 1359 964 ab

144 1005 281 1081 Homero
303 1007 401 1082 tradi;
426 1005 481 1070 sed
504 1005 584 1072 hanc
605 1003 745 1069 confudit
766 1020 836 1069 cum
856 1001 1002 1085 Calypso,
1022 1003 1063 1068 ad
1081 1020 1173 1086 quam
1184 1004 1359 1073 Mercurius
1435 1058 1437 1065 ,

144 1112 266 1177 Athena
280 1116 408 1176 arrctore
431 1113 567 1177 mittitur
589 1130 657 1175 eam
680 1110 822 1175 iussurus
839 1109 957 1175 Ulixem
977 1111 1008 1175 in
1029 1111 1167 1192 patriam
1189 1112 1359 1190 dimittere;

143 1219 168 1283 is
190 1217 242 1282 ubi
264 1212 295 1282 i'n
318 1236 443 1298 specum
466 1218 544 1282 deae
564 1217 714 1283 intravit:
1001 1298 1005 1307 1

262 1327 330 1405 nep
350 1329 411 1406 μὲν
432 1324 485 1388 ἐπ’
508 1322 688 1406 ἐσχάροφιν
710 1330 792 1404 μέγα
812 1325 933 1399 καίετο,
954 1319 1074 1384 εέλοθι
1093 1321 1123 1385 δ’
1138 1321 1226 1405 ὀδμνῖ

162 1482 165 1487 .
264 1430 380 1512 κέδρου
399 1433 426 1492 τ’
443 1430 611 1496 εὐκεάτοιο
630 1427 719 1493 θύου
740 1429 768 1490 τ’
783 1428 849 1492 drot
870 1431 971 1493 νῗσον
992 1425 1113 1492 ὀδώδει

148 1517 152 1525 ’
263 1536 474 1615 δαιομένων.
499 1586 505 1600 .
531 1584 539 1601 .
579 1535 652 1616 (od.
675 1559 701 1616 ε,
723 1539 764 1600 60
779 1535 873 1623 sqq).

145 1641 225 1723 lun,
238 1646 362 1706 66-67
383 1644 422 1706 de
439 1641 621 1720 cummihic,
638 1647 786 1723 utsupra
798 1640 943 1721 diximus,
964 1639 1212 1722 Theophrastum
1228 1659 1358 1723 prorsus

145 1747 286 1829 neglexit.
331 1749 543 1832 Quaecunque
561 1748 641 1812 enim
664 1747 715 1811 ille
729 1747 767 1811 de
790 1747 849 1812 hac
871 1766 904 1811 re
924 1745 1046 1827 profert
1068 1745 1119 1828 (ci.
1141 1745 1193 1827 IV,
1207 1750 1281 1830 2333
1303 1746 1357 1828 IX,

148 1857 213 1932 1‚2;
238 1853 272 1918 G.
294 1854 335 1934 pl.
360 1853 412 1934 Vl,
433 1858 480 1933 ll,
494 1858 530 1917 15
554 1855 641 1932 cett.)
661 1870 769 1918 eorum
791 1853 841 1917 hic
862 1852 938 1917 nibil
960 1853 1131 1934 usurpavit.
1174 1852 1293 1918 Tamen
1318 1853 1358 1917 de

145 1960 249 2023 cummi
273 1959 424 2024 ulmorum
452 1958 587 2038 mirebili
609 1961 743 2041 quodam
773 1958 925 2023 modoad
949 1959 1200 2040 Theophrastum
1223 1962 1359 2041 spectatw

147 2064 219 2129 Sunt
240 2066 340 2146 ipsius
366 2067 460 2137 verba
480 2066 558 2154 haec
579 2064 610 2146 (ἕ
629 2065 681 2148 67)
711 2115 727 2146 t.
750 2113 758 2129 .
782 2115 789 2130 .
813 2066 896 2145 ulmo
926 2066 1020 2129 etiam
1049 2066 1079 2129 in
1104 2065 1221 2146 Coryco
1250 2070 1357 2129 monte

147 2170 264 2237 Ciliciae
294 2189 331 2243 ac
354 2172 486 2253 iunipiro
515 2172 557 2236 ad
578 2172 654 2237 nihil
677 2173 771 2251 utile,
801 2191 839 2236 ex
861 2171 937 2236 ulmi
959 2190 1034 2236 vero
1055 2172 1165 2237 cummi
1187 2176 1221 2236 et
1240 2171 1356 2236 culices

147 2282 313 2342 noscuntur
330 2329 336 2342 .
353 2327 359 2340 .
375 2277 392 2342 .'
447 2277 684 2359 Theophrastus
714 2296 787 2342 vero
819 2276 896 2342 haec
926 2277 1022 2342 habet
1053 2277 1246 2358 (111,14‚1):
1285 2277 1356 2351 ἀλλ’

147 2385 176 2446 ἐν
204 2387 279 2456 ταῖς
308 2389 461 2466 κωρνκίσι
490 2386 530 2448 cd
565 2383 668 2466 κόμμι
696 2384 751 2447 καὶ
783 2383 872 2471 θήρέ
896 2380 983 2448 ἄνευ
1012 2384 1220 2470 nonenoeane
1254 2392 1355 2466 φέρει.

147 2490 280 2571 Apparet
307 2491 389 2556 Plini
416 2491 579 2557 lectionem
599 2494 640 2573 <in
668 2491 796 2573 Coryco'
817 2510 924 2556 errore
952 2497 1054 2556 ortam
1085 2508 1173 2572 esse,
1200 2490 1281 2554 male
1309 2490 1355 2554 in·

147 2597 263 2663 tellecta
279 2616 353 2663 voce
374 2617 498 2678 graeca,
518 2599 651 2665 sednon
676 2616 723 2680 ea,
746 2616 827 2680 qnae
845 2597 1055 2680 Theophrasti
1075 2597 1141 2662 loco
1164 2597 1230 2661 lato
1250 2601 1355 2661 exstat

146 2701 236 2768 lomna
260 2704 316 2768 sed
338 2705 373 2767 ἐν
395 2705 537 2786 κωρύκῳ.
580 2706 752 2786 κωρυκίδες
778 2711 853 2769 sunt
880 2704 1023 2786 folliculi,
1053 2704 1107 2785 qni
1128 2703 1231 2785 plagis
1254 2703 1354 2768 insec-

147 2813 242 2885 torum
262 2811 341 2875 moti
363 2830 401 2875 ex
421 2811 502 2877 foliis
525 2811 600 2875 ulnri
622 2817 774 2876 crescunt.
817 2811 885 2877 voci
907 2810 1048 2893 κώρυκος
1069 2810 1169 2892 nullo,
1198 2815 1354 2892 quotquot

147 2923 276 2991 exstant,
298 2918 366 2982 loco
388 2918 496 2982 eadem
519 2918 566 2982 vis
587 2919 680 3000 inest,
701 2919 756 2983 sed
779 2936 817 2983 ex
835 2917 913 2983 Plini
935 2936 1040 2982 errore
1061 2921 1203 3001 apparet,
1224 2917 1264 2982 ab
1286 2917 1353 2982 eius

144 3019 221 3088 ionte
254 3041 359 3088 vocem
388 3023 434 3089 ite
463 3023 635 3089 adhibitam
665 3042 749 3104 esse,
786 3031 820 3089 ut
849 3024 1042 3089 scriberetur
1069 3025 1105 3088 ἐν
1135 3028 1181 3103 τῷ
1212 3021 1351 3106 κωρύκῳ.

143 3129 239 3211 Atque
260 3131 306 3194 ita
322 3130 486 3212 legendnm
510 3149 580 3197 esse
608 3131 671 3196 alio
696 3131 903 3212 Theophrasti
923 3132 990 3196 loco
1014 3131 1183 3196 Schneider
1210 3130 1351 3194 coniecit.

141 3232 176 3300 H.
199 3237 242 3318 pl.
271 3237 404 3319 1x‚r‚a
434 3240 515 3302 enirn
546 3239 662 3320 legitur
692 3247 822 3318 accepta
857 3239 1064 3303 translatione
1095 3239 1269 3302 rectissima
1301 3237 1353 3309 (de

139 3361 198 3425 qna
224 3344 394 3410 Schneider
424 3351 457 3410 et
482 3347 631 3411 Wimmer
665 3346 707 3410 ad
736 3346 817 3429 hunc
847 3345 981 3428 locnmlt
1020 3347 1174 3427 πτελέας,
1207 3348 1261 3409 καὶ
1291 3348 1353 3430 γάρ

136 3448 218 3535 αὕτη
250 3460 341 3536 φέρει
368 3453 470 3536 κόμμι
497 3454 586 3548 πλήν
616 3453 674 3525 οἰκ
704 3456 739 3520 ἐκ
767 3457 826 3518 τοῦ
849 3455 977 3537 φλοιοῦ,
1006 3455 1075 3519 dlt’
1098 3456 1133 3519 ἐν
1154 3460 1200 3536 τῷ
1225 3456 1351 3537 ἀγγείῳ,

135 3559 187 3622 ubi
219 3577 289 3624 cum
318 3561 415 3625 rerba
445 3563 481 3625 ἐν
510 3566 556 3643 τῷ
588 3563 705 3643 α’γγείῳ
743 3562 783 3626 ab
826 3562 1124 3644 interpretatoribus
1162 3583 1223 3629 non
1259 3565 1352 3630 intel·

132 3656 332 3747 legerentur‚
360 3667 433 3732 olim
465 3668 615 3749 scriptum
643 3668 741 3733 fuisse
763 3670 864 3750 ἐντῷ
884 3668 1015 3751 κωρύκῳ
1037 3688 1166 3752 eamque
1186 3670 1351 3736 lectionem

131 3863 174 3925 st',
198 3878 260 3915 oum
280 3862 392 3918 litterae
411 3866 450 3932 ‘st’
470 3865 565 3920 addita
584 3866 659 3921 linea
677 3856 723 3938 (st)
742 3885 791 3937 pro
809 3868 971 3936 compendio
986 3868 1059 3922 vocis
1077 3868 1156 3936 sunt’
1171 3867 1348 3924 haberentur.

130 3947 261 4002 Ceterum
274 3949 381 4004 Plinius
398 3951 503 4006 fontem
522 3952 613 4007 minus
630 3957 762 4010 accurate
774 3953 903 4025 inspexit,
920 3956 954 4008 ut
966 3953 1168 4017 demonstrabo,
1187 3970 1250 4008 cnm
1268 3955 1297 4008 et
1315 3955 1350 4009 de

128 4033 308 4104 longitudine
335 4052 474 4092 ramorum
503 4039 593 4093 minus
620 4039 770 4110 diiigenter
796 4042 909 4097 diceret.
957 4042 997 4097 cf.
1024 4041 1108 4096 eh'am
1138 4041 1205 4105 ΧΠ,
1223 4041 1273 4105 65,
1301 4039 1350 4095 ubi
1395 4105 1398 4108 ,

126 4138 264 4178 numerus
283 4141 316 4183 ex
334 4124 410 4180 fonte
428 4126 519 4182 sanari
537 4128 642 4198 nequit
