2962 4696
683 274 724 335 23

40 459 43 463 ’
98 448 316 515 concedente&
354 447 413 512 Sed
426 446 623 512 Academiam
638 463 709 509 eum
721 444 799 509 laiso
817 442 960 526 posuisse
976 460 1034 524 pro
1046 444 1148 527 Lyceo
1161 444 1311 510 docemur
1390 504 1393 509 .

61 624 64 629 ,
100 555 313 637 Theophrasto
333 556 356 633 1,
378 559 439 634 7‚·1
470 552 650 618 exhibente:
682 546 779 640 ἤγουν
807 552 843 615 ἐν
869 555 915 641 τῷ
937 534 1066 634 Λυκαίῳ
1094 551 1115 638 ἡ
1144 553 1311 631 πλάτανος

98 661 219 745 isaaci
246 662 305 726 τόν
332 661 448 741 ὀχετόν
470 664 520 739 ἔτι
538 666 598 731 νόον
619 649 703 725 orico
725 659 782 724 ἐπὶ
809 661 894 741 τρεῖς
919 659 974 722 καὶ
996 659 1170 741 τριάκοντα
1195 659 1311 743 πόχοις

98 768 219 857 α’φῆκεν
243 771 363 850 ἔχουσα
383 770 489 833 τόπον
511 792 547 831 τε
568 765 641 849 ἅμα
660 766 715 831 καὶ
736 764 869 853 τροφήν.
913 764 1061 831 Similiter
1083 784 1134 832 res
1158 768 1310 834 sehabet

81 872 178 954 lilii,
191 881 258 941 100.
302 876 411 957 Thyou
435 876 501 940 sive
522 875 630 957 thyam
653 874 734 938 inter
755 872 879 938 delicias
903 872 1012 937 Circae
1031 878 1134 938 ustam
1155 879 1248 955 putat
1268 874 1309 940 ab

99 978 231 1047 Homero
252 983 351 1058 tradi3
375 982 431 1046 seri
454 981 533 1047 hauc
555 979 695 1045 confudit
715 997 786 1045 cum
805 977 952 1060 Calypso,
972 979 1013 1045 ad
1031 996 1123 1062 quam
1134 979 1310 1047 Mercurius

100 1085 216 1153 Athena
230 1093 359 1153 auctore
380 1089 517 1153 mittitur
538 1105 606 1151 earn
630 1087 771 1151 iussurus
789 1085 906 1151 Ulixem
928 1087 958 1150 in
980 1086 1117 1167 patriam
1139 1088 1309 1165 dimittere;

65 1230 67 1237 ,
101 1190 123 1256 is
141 1193 192 1259 ubi
214 1189 245 1259 iu
268 1212 392 1275 specum
416 1194 493 1258 deae
514 1193 664 1259 intravit:
951 1274 955 1282 Ι

158 1375 161 1380 ,
212 1304 280 1382 πῦρ
300 1305 362 1383 μὲν
382 1300 435 1364 ἐπ’
458 1298 638 1382 ἕσχόροφιν
659 1306 742 1380 μέγα
762 1301 883 1375 καίετο,
905 1294 1024 1360 τόλοθι
1043 1297 1073 1360 δ’
1088 1297 1176 1380 όόμό

106 1456 121 1497 Ι.
214 1408 330 1490 κέδρον
349 1409 376 1468 τ’
393 1406 560 1472 εόκεότοιο
580 1403 669 1469 θόοο
690 1405 718 1467 τ’
733 1404 799 1467 α’νοὶ
820 1407 921 1468 νόσον
942 1401 1063 1468 denso

213 1513 395 1592 δαιομένων
417 1562 425 1578 .
449 1563 455 1577 .
481 1562 489 1578 .
529 1511 601 1592 (od.
625 1535 650 1592 e,
673 1515 714 1576 60
729 1511 823 1599 sqq).

93 1613 176 1700 XIII,
188 1623 311 1682 66-67
333 1620 372 1684 de
389 1618 571 1696 cummihic‚
587 1624 735 1698 utsupra
749 1616 894 1697 diximus
915 1615 1163 1697 Theophrastum
1179 1634 1308 1698 prorsus

10 1760 15 1765 ,
83 1724 237 1805 neglexit.
280 1726 493 1809 Quaecunque
510 1725 591 1789 enirn
613 1723 664 1788 iile
679 1723 717 1787 de
740 1723 799 1788 hac
821 1741 854 1787 re
875 1721 995 1803 profert
1019 1720 1069 1804 (cf.
1091 1721 1143 1802 IV,
1157 1726 1232 1806 23&
1253 1722 1307 1804 IX,

77 1828 166 1906 1‚2;
188 1830 222 1896 G.
244 1831 285 1911 pl.
310 1830 362 1911 Vi,
383 1835 430 1909 11,
444 1835 480 1894 15
504 1832 591 1909 cett.)
611 1847 717 1894 eorum
741 1829 791 1894 hic
812 1828 888 1893 nihil
910 1829 1081 1910 usurpavit.
1124 1828 1244 1893 Tamen
1268 1829 1308 1893 de
1400 1908 1411 1937 x

65 1937 199 2000 cummi
222 1936 374 2001 ulmorum
402 1936 537 2015 mirabili
559 1938 693 2016 quodam
723 1934 875 2000 modoad
899 1935 1150 2016 Theophrastum
1174 1939 1310 2017 spectotq

59 2034 171 2105 Sunt
191 2043 290 2123 ipsius
316 2043 410 2113 verba
430 2043 508 2130 haec
529 2041 560 2124 (ἐ
579 2043 630 2124 67)
661 2091 677 2122 ,.
700 2089 708 2106 .
732 2090 739 2106 .
762 2043 846 2121 ulmo
876 2042 970 2106 etiam
999 2042 1030 2107 in
1054 2041 1172 2122 Coryco
1200 2046 1307 2105 monte

56 2139 215 2213 Ciliciae
244 2165 281 2221 ac
305 2149 437 2229 iunipiro
464 2149 506 2213 ad
528 2149 604 2213 nihil
627 2149 721 2228 utile,
751 2167 789 2212 ex
811 2147 887 2212 ulmi
909 2166 984 2212 vero
1006 2148 1116 2211 cummi
1138 2152 1171 2212 et
1191 2146 1306 2213 culices

54 2259 262 2318 nascuntur
280 2306 287 2318 .
303 2304 310 2317 .
326 2254 343 2318 .’
397 2254 634 2336 Theophrastus
664 2272 737 2319 vero
769 2253 847 2318 haec
877 2253 972 2319 habet
1003 2254 1197 2335 (111‚14,1):
1236 2253 1306 2317 ἀλλ’

55 2354 109 2414 ἓν
158 2363 229 2434 ταῖς
259 2367 411 2444 κωρνκίσι
441 2362 480 2424 τό
515 2360 618 2442 κόμμι
646 2360 701 2424 καὶ
733 2358 823 2447 θήρό
847 2356 933 2424 όὶττα
962 2361 1171 2445 κωνωποοιόῆ
1205 2367 1305 2442 φόρει.

56 2459 230 2546 Apparet
257 2468 340 2532 Plini
366 2469 529 2533 lectionem
550 2470 591 2549 jn
619 2468 747 2550 Coryco'
768 2486 875 2533 errore
903 2475 1004 2533 ortam
1036 2485 1123 2548 esse,
1151 2467 1232 2530 mole
1260 2466 1306 2528 in·

61 2566 213 2639 tellecta
229 2593 304 2640 voce
325 2593 448 2655 graeca,
469 2576 602 2640 sednon
626 2593 673 2656 ea,
697 2592 777 2657 quae
795 2574 1004 2656 Theophrasti
1025 2573 1092 2638 loco
1114 2572 1180 2638 lato
1201 2577 1306 2636 exstat

65 2671 187 2744 forma
210 2681 267 2746 sed
288 2682 324 2744 ἐν
345 2682 488 2762 κωρύκῳ.
530 2683 703 2764 κωροκίδες
729 2688 803 2746 sunt
830 2681 973 2762 folliculi,
1004 2681 1058 2761 qui
1078 2679 1181 2760 plagis
1204 2678 1305 2742 insec-

75 2786 192 2852 torum
213 2789 292 2852 moti
314 2807 351 2852 ex
372 2788 453 2853 soliis
475 2788 550 2853 ulmi
572 2795 724 2853 crescunt.
767 2789 835 2852 voci
857 2786 998 2868 κόρακος
1019 2786 1119 2867 nullo,
1148 2790 1304 2867 quotquot

85 2899 227 2968 exstant,
248 2894 316 2960 loco
339 2896 448 2959 eadem
470 2896 517 2960 vis
538 2896 631 2977 inest,
652 2895 706 2960 scd
730 2912 767 2960 ex
785 2894 863 2958 Plini
885 2912 990 2958 errore
1011 2897 1153 2977 apparet,
1174 2892 1214 2956 ab
1237 2892 1303 2957 eius

91 2989 173 3064 lente
203 3018 310 3065 vocem
337 3000 385 3065 ita
414 3001 586 3065 adhibitam
616 3020 700 3082 esse,
736 3008 771 3067 ut
800 3001 993 3065 scriberetur
1020 3001 1056 3063 ἐν
1086 3002 1131 3079 τῷ
1162 2997 1302 3082 κωρύκῳ.

99 3099 190 3188 Atque
210 3108 255 3172 ita
272 3108 437 3189 legendum
461 3127 530 3174 esse
559 3109 622 3174 aiio
647 3108 853 3188 Theophrasti
875 3108 941 3172 loco
965 3107 1134 3172 Schneider
1161 3105 1302 3170 coniecit.

98 3206 132 3276 H.
152 3214 192 3294 pl.
221 3214 275 3296 IX,
300 3219 355 3295 l,2
385 3217 466 3280 enim
497 3216 612 3296 legitur
643 3222 772 3294 accepta
806 3214 1015 3278 translatione
1046 3214 1220 3278 rectissima
1252 3213 1304 3285 (de

97 3338 150 3403 qua
175 3321 344 3387 Schneider
375 3328 407 3388 et
432 3323 581 3387 Wimmer
615 3322 657 3387 ad
687 3321 768 3404 huuc
797 3321 932 3403 locuni:
971 3321 1125 3402 πτελέας,
1157 3322 1212 3385 καὶ
1242 3324 1304 3405 γαρ

11 3424 14 3429 ’
93 3426 169 3513 αὕτη
200 3437 292 3513 φέρει
318 3430 420 3513 κόμμι
448 3431 537 3524 πλήν
567 3429 625 3501 οἰκ
655 3432 690 3495 ἐκ
718 3433 776 3494 τοῦ
800 3431 928 3514 φλοιοῦ,
957 3431 1026 3495 ἀλλ’
1049 3432 1151 3512 ἐντῷ
1176 3432 1302 3513 α’γγείῳ,

91 3538 139 3603 ubi
170 3555 240 3602 cum
269 3539 366 3603 verba
396 3541 431 3602 ἐν
461 3543 506 3620 τῷ
539 3540 656 3621 α’γγείῳ
694 3538 734 3603 ab
776 3539 1075 3620 interpretatoribus
1113 3559 1174 3604 non
1210 3540 1303 3605 intel·

87 3632 283 3725 legerentur,
312 3644 384 3711 olim
415 3646 566 3727 scriptum
594 3645 691 3710 fuisse
714 3646 814 3726 ἐντῷ
835 3643 967 3726 κωρύκῳ
988 3665 1116 3727 eamque
1137 3646 1301 3711 lectionem

10 3886 12 3897 .
83 3843 124 3905 st',
148 3856 211 3893 curn
230 3839 343 3895 litterae
362 3843 401 3909 ‘st’
421 3842 516 3896 addita
535 3843 609 3898 linea
628 3834 673 3914 (st)
693 3861 742 3914 pro
760 3843 921 3912 compendio
937 3843 1010 3898 vocis
1028 3843 1107 3911 sunt'
1122 3842 1298 3898 haberentur.

82 3929 212 3984 Ceterum
225 3926 332 3981 Plinius
350 3928 454 3982 fontem
473 3929 564 3982 minus
581 3934 712 3986 accurate
724 3929 853 4000 inspexit,
872 3931 905 3983 ut
916 3929 1118 3992 demonstrabo,
1138 3945 1200 3983 cum
1219 3930 1249 3982 et
1266 3929 1301 3983 de

79 4010 259 4082 longitndine
286 4029 425 4068 ramorum
454 4016 544 4070 minus
571 4016 721 4088 diligenter
747 4018 860 4073 diceret.
908 4017 948 4073 Cf.
975 4016 1058 4072 etiarn
1089 4015 1156 4080 ΧΙΙ,
1174 4015 1223 4079 65,
1252 4013 1301 4069 ubi
1346 4078 1348 4082 ,

76 4115 215 4160 numerus
234 4101 360 4160 exiente
379 4102 470 4158 sanari
489 4105 592 4175 nequit.
