2962 4696
717 298 756 359 24

126 471 196 538 locu
223 487 292 535 esse
314 471 431 535 hrotam
460 468 594 535 lectione
622 468 738 535 tradita
760 489 779 537 a
801 470 930 536 librario
952 473 1086 554 quodam
1115 470 1342 554 interpretandi

126 594 220 643 caina
249 575 462 659 superscripta
484 575 656 642 Schneider
683 577 762 643 vuit.
813 577 874 644 Sed
903 578 1005 644 nescio
1033 577 1189 662 quomodo
1216 578 1248 642 id
1276 577 1343 642 fieri

126 685 276 767 potuerit,
296 682 488 765 οΙκοὶροκος,
510 683 536 746 si
556 682 685 764 ponitur
703 700 773 747 cum
792 700 887 749 sensu
902 685 986 750 vocis
1008 691 1150 765 κοροκίς,
1169 689 1344 767 exponatur

127 808 203 857 voce
223 791 362 872 ἀγγεῖον,
384 795 420 853 ut
439 789 582 852 omittam
604 788 664 853 hoc
686 789 753 854 loco
774 808 834 854 non
857 790 931 854 illud
947 790 1071 855 admitti
1092 792 1146 857 sed
1169 791 1344 871 exspectari

128 896 306 962 dumtaxat:
335 897 437 976 ἐντῷ
457 894 608 977 κωρνκίδι
631 896 678 959 vel
700 896 802 977 potius
827 933 864 942 -
886 897 922 959 ἐν
942 900 1009 969 τοῖς
1030 903 1180 977 nuptiator
1202 941 1241 949 -
1264 898 1345 961 sicut

129 1001 274 1086 equidem
296 1020 405 1067 censeo
434 1000 601 1081 legendum
623 1019 692 1066 esse
723 1003 760 1066 ἐν
780 1006 848 1076 τοῖς
869 1003 1012 1084 ἀγγείοις.
1056 1005 1158 1084 Atque
1182 1003 1255 1086 quin
1279 1003 1345 1066 voci

128 1110 256 1191 α’γγεϊον
286 1108 335 1173 hic
366 1106 475 1172 eadem
507 1107 555 1171 vis
587 1107 662 1171 insit
690 1112 784 1189 atque
815 1109 869 1174 illo
899 1109 966 1174 loco
998 1110 1066 1174 voci
1096 1113 1245 1189 κωροκίς,
1283 1127 1345 1173 non

128 1215 255 1280 dubium
277 1213 352 1279 mihi
375 1213 509 1280 videtur.
552 1213 669 1279 Eadem
692 1233 742 1279 res
765 1216 820 1297 111,
838 1220 914 1295 15‚4
935 1217 1114 1280 nominatur
1133 1216 1226 1279 κοῖλοι
1246 1238 1347 1297 κορο-

128 1320 225 1406 κώδη.
268 1321 329 1386 Sed
359 1321 486 1387 0mnin0
516 1320 683 1386 hoc‘Plini
713 1321 779 1386 loco
804 1321 1055 1403 Theophrastum
1085 1341 1146 1386 nou
1174 1322 1346 1387 adhibitum

129 1447 196 1494 esse
225 1428 346 1504 iudico,
377 1445 440 1508 quc
472 1425 606 1492 efficitur
634 1446 703 1492 eum
733 1427 811 1492 illud
841 1429 878 1491 ἐν
904 1432 950 1509 τῷ
977 1427 1108 1509 κωρύκῳ
1137 1429 1222 1509 apud
1252 1429 1347 1493 atium

128 1540 290 1601 auctorem
314 1553 332 1599 e
354 1551 485 1598 numero
507 1539 705 1599 externorum
728 1534 893 1599 invenisse.

212 1641 260 1705 De
280 1641 410 1723 platano
432 1645 560 1721 praeter
580 1638 681 1704 locum
704 1640 915 1720 Theophrasti
937 1658 1032 1721 supra
1053 1658 1216 1705 excussum
1238 1646 1349 1705 noster

129 1752 163 1812 ct
181 1746 261 1812 elios
282 1746 400 1827 expilat
420 1751 453 1810 et
475 1745 534 1826 bis,
556 1750 591 1811 ut
613 1746 748 1828 videtur,
771 1746 903 1811 eundem
927 1745 1192 1827 Theophrastum,
1214 1765 1347 1826 quorum

128 1853 215 1953 prior
237 1854 325 1918 locus
346 1851 519 1933 exemplum
539 1851 674 1934 praehet
695 1853 798 1916 simile
818 1852 1026 1918 antecedenti.

227 1957 305 2023 Ptin.
326 1977 355 2022 n.
380 1959 410 2023 h.
433 1958 503 2038 XII,
523 1959 613 2023 6-7.
843 1959 999 2042 Theophr.
1022 1957 1054 2024 h.
1076 1959 1117 2040 pl.
1139 1957 1190 2038 IV,
1209 1961 1237 2037 5,
1248 1961 1277 2023 6.

129 2058 282 2124 Platanus
310 2057 386 2122 haec
414 2064 464 2123 est
489 2075 574 2122 mare
595 2058 713 2123 Ionium
764 2060 814 2122 Ἐν
833 2063 895 2141 μὲν
916 2060 976 2141 γοέρ
991 2062 1038 2139 τῷ
1055 2058 1162 2141 Ἁδρίᾳ
1179 2056 1352 2120 πλάτανον

130 2155 289 2221 Diomedis
319 2156 422 2221 insula
455 2163 546 2221 tenus
576 2156 713 2222 eiusdem
762 2153 804 2223 οὕ
832 2177 934 2241 φασιν
965 2149 1050 2221 εἶναι
1081 2156 1169 2220 πλον
1203 2154 1281 2235 περὶ
1312 2155 1352 2218 ιδ

132 2256 241 2320 tumult
257 2255 361 2335 gratia
377 2255 512 2337 primum
528 2255 658 2335 invecta,
680 2256 712 2319 in
754 2246 950 2341 ’Διομήδους
968 2255 1065 2337 ἱερόν·
1103 2258 1286 2318 σπανίον
1308 2254 1354 2316 δὲ

130 2355 267 2420 Siciliam
291 2359 490 2433 transgressa
512 2356 712 2434 atque-inter
761 2363 830 2425 καὶ
854 2365 898 2426 ἐν
918 2363 1073 2461 ’iratae
1099 2335 1353 2444 οἶοί-οἴῃ

129 2446 247 2535 primas
276 2453 394 2518 donata
421 2452 533 2517 Italiae
561 2461 603 2516 et
634 2455 714 2517 iam
762 2493 826 2533 W
867 2470 1018 2534 mma
1065 2469 1134 2531 nai
1177 2465 1354 2548 parator

130 2551 715 2631 adMoriuosusquepervecta
764 2568 933 2649 ποταμοὶ
963 2568 1222 2649 nap’appoto·
1266 2564 1351 2628 ἀλλ’

130 2669 173 2717 ac
203 2649 472 2715 tributarium
501 2651 624 2715 etiam
657 2651 716 2715 de·
765 2666 836 2730 οὐκ
862 2669 973 2730 torae
1003 2676 1148 2750 φέρειν
1172 2646 1353 2738 δ’τόηος,

34 2778 37 2783 ·
131 2749 267 2814 tineus
305 2749 448 2831 solum,
490 2757 534 2813 ut
572 2754 717 2829 gentes
766 2765 1352 2847 HaecPliuiusexipsiuscxperieutia‚

131 2847 327 2927 vectigal·
367 2853 406 2912 θῖ
455 2866 527 2930 ΙΠΟ
581 2848 718 2913 umbra
766 2883 837 2929 cum
860 2863 1010 2930 militaret
1029 2866 1060 2929 iu
1084 2862 1353 2942 Germania‚ad-

130 2947 324 3028 pendant·
766 2961 847 3027 didit
875 2982 984 3028 errore
1005 2962 1140 3044 quodam
1170 2962 1354 3042 interlaps0,

766 3080 836 3126 cum
858 3080 965 3128 aceres
981 3080 1038 3143 pro
1060 3061 1196 3142 platanis
1214 3067 1352 3140 putaret

766 3160 825 3241 (Cf.
838 3161 874 3225 V.
888 3160 989 3239 Hehu‚
1008 3159 1276 3243 ‘Kulturpflanzen
1289 3160 1353 3223 und

765 3261 945 3326 Haustierc'
962 3280 993 3344 p.
1011 3261 1097 3343 240).

350 3365 394 3448 (7)
426 3366 595 3450 Dionysius
628 3368 713 3448 prior·
761 3375 812 3431 Ἐν
846 3367 953 3452 Ῥηγίῳ
992 3391 1069 3453 γονν
1107 3370 1146 3445 ag
1184 3370 1354 3450 Διονύσιος

131 3463 714 3546 SiciliaetyrannusRegiuminurbem
764 3470 985 3554 πρεσβύτερος
1023 3470 1041 3535 ὁ
1079 3471 1236 3553 τύραννος
1272 3478 1353 3562 ἐφύ-

133 3564 296 3628 transtulit
317 3582 370 3629 eas
396 3564 504 3629 domus
526 3582 603 3629 suae
622 3566 713 3628 mira·
765 3591 882 3636 τεοσεν
919 3573 956 3634 ἐν
988 3576 1035 3654 τῷ
1070 3574 1279 3656 παραδείσῳ,
1317 3577 1361 3642 αἵ

131 3662 249 3741 culum,
280 3662 332 3727 ubi
354 3669 465 3745 postea
492 3664 607 3728 factum
629 3681 716 3745 gyla·
767 3671 850 3737 εἰσιν
864 3676 925 3737 νῦν
942 3675 1035 3753 ἐντῷ
1049 3680 1216 3755 γυμνασίῳ
1231 3676 1353 3757 φιλοτι-

133 3763 271 3843 nasium3
317 3781 373 3827 uec
410 3765 551 3844 potuisse
589 3765 620 3827 in
652 3783 718 3829 am·
767 3773 887 3857 μηδεὶς
923 3772 963 3838 ου’
1000 3773 1196 3858 δεδύνηνται
1237 3775 1355 3859 λαβεῖν

133 3861 316 3943 plitudinem
333 3880 501 3942 augescere
520 3869 592 3928 aut
612 3863 718 3929 alias
768 3879 915 3955 μέγεθος.

133 3967 262 4031 ruisse
292 3969 331 4031 in
362 3968 488 4034 naua
524 3946 720 4036 M

134 4076 260 4137 natim
282 4075 484 4156 Hispania
510 4079 614 4158 apud
637 4096 722 4141 auc-

135 4188 245 4246 tores
266 4185 488 4248 iuvenitur.
