2962 4696
812 297 852 358 24

222 473 291 538 loce
318 489 388 536 esse
409 472 527 536 motam
557 468 689 535 lectione
717 468 834 534 tradita
856 489 874 535 a
897 469 1026 535 librario
1047 471 1182 551 quodam
1211 467 1438 551 interpretandi

222 596 315 644 causa
345 577 558 660 superscripta
580 575 751 642 Schneider
779 577 858 642 vult.
909 577 970 642 Sed
998 577 1100 641 nescio
1129 575 1285 660 quomodo
1311 575 1344 640 id
1371 574 1439 639 fieri

222 686 371 767 potuerit,
392 683 584 764 utuoiponog,
605 683 632 747 si
652 682 781 764 ponitur
799 700 868 747 cum
888 700 982 747 sensu
997 683 1082 748 vocis
1104 688 1246 763 κῳρυκίς,
1265 686 1439 763 exponatur

223 809 298 857 voce
319 792 457 873 α’γγεῖον,
480 796 516 854 ut
535 790 678 853 omittam
700 788 760 852 hoc
781 789 849 853 loco
869 807 931 852 non
953 789 1026 853 iliud
1043 789 1167 853 admitti
1188 789 1242 854 sed
1265 789 1440 870 exspectari

224 899 402 963 dumtaxat:
431 897 532 976 ἐντῷ
553 895 704 977 κωρυκίδι
726 895 774 959 vei
796 895 898 977 potius
923 931 960 941 -
981 896 1017 957 ἐν
1037 898 1105 968 τοῖς
1126 901 1277 976 κωρυκίσι
1297 938 1337 946 -
1360 895 1441 959 sicut

118 1052 137 1081 χ
225 1003 369 1086 equidem
392 1020 501 1068 conseo
531 1001 697 1081 legendum
720 1018 788 1066 esse
819 1003 856 1064 ἐν
876 1005 944 1075 ταῖς
965 1002 1108 1082 ἀγγείοις.
1153 1003 1254 1083 Atque
1278 1000 1351 1084 quin
1374 999 1442 1064 voci

224 1111 352 1191 α’γγεϊον
383 1109 431 1174 hic
462 1106 571 1172 eadem
604 1107 650 1172 vis
683 1107 758 1171 insit
786 1113 880 1189 atque
912 1108 965 1172 illo
996 1108 1062 1172 loco
1094 1108 1162 1172 voci
1192 1111 1341 1188 καρυκίς,
1378 1124 1441 1171 non

224 1218 351 1282 dubium
373 1214 449 1280 mihi
470 1214 605 1280 videtur.
648 1213 766 1278 Eadem
788 1231 838 1278 res
860 1215 1010 1296 111,15‚4
1031 1215 1210 1279 nominatur
1229 1214 1322 1277 κοῖλα
1342 1235 1443 1296 nopo-

224 1321 322 1407 κώδη.
364 1322 425 1387 Sed
455 1322 582 1387 omnino
613 1320 780 1385 hoc‘Plini
809 1320 876 1384 loco
900 1319 1152 1401 Theophrastum
1181 1337 1243 1384 non
1270 1319 1443 1384 adhibitum

226 1447 293 1495 esse
322 1429 443 1504 iudico,
473 1446 537 1508 qno
569 1425 702 1492 efficitur
731 1444 799 1491 eum
830 1426 908 1491 illud
938 1428 974 1490 ἐν
1001 1431 1047 1507 τῷ
1073 1425 1204 1508 κωρύκῳ
1233 1427 1319 1507 apud
1348 1426 1444 1490 alium

225 1542 387 1601 auctorem
411 1553 428 1599 e
451 1552 581 1599 numero
604 1539 803 1598 externorum
825 1533 990 1598 invenisse.

309 1643 357 1706 De
376 1641 507 1723 platano
529 1645 657 1722 praeter
677 1639 778 1704 locum
800 1639 1012 1720 Theophrasti
1034 1657 1128 1719 supra
1150 1656 1313 1703 excussum
1335 1643 1446 1703 noster

226 1753 259 1813 et
278 1748 357 1812 aiios
379 1747 497 1828 expilat
517 1751 550 1810 et
573 1746 630 1826 bis,
652 1751 688 1810 ut
709 1745 845 1827 videtur,
868 1745 1000 1810 eundem
1024 1743 1289 1825 Theophrastum,
1311 1761 1444 1825 quorum

225 1855 313 1936 prior
334 1854 421 1918 locus
443 1852 615 1934 exemplum
637 1850 771 1935 praebet
793 1852 895 1916 simile
915 1852 1123 1916 antecedenti.

324 1959 403 2024 Plin
424 1978 452 2022 n.
476 1959 507 2023 h.
530 1959 600 2038 XII,
620 1959 710 2023 6-7.
941 1958 1095 2041 Theophr.
1119 1957 1150 2022 h.
1173 1957 1214 2038 pl.
1235 1955 1287 2036 IV,
1306 1959 1374 2035 5,.6

226 2059 299 2125 Piat
285 2064 378 2123 tanus
407 2057 561 2124 haect
511 2063 561 2122 est
586 2075 671 2122 mare
692 2059 811 2123 Ionium
861 2059 912 2121 Ἐν
906 2062 993 2139 μὲν
1013 2058 1074 2139 γάρ
1089 2061 1134 2137 τῷ
1152 2056 1259 2138 Ἁδρίᾳ
1276 2052 1449 2118 miriamur

227 2157 386 2223 Diomedis
416 2157 519 2222 insula
553 2164 644 2223 tenus
673 2157 810 2221 eiusdem
860 2152 1032 2240 οὔφασιν
1062 2147 1148 2219 εἶναι
1178 2153 1266 2218 πλνν
1301 2150 1378 2235 περὶ
1409 2153 1449 2215 το

230 2257 338 2322 tumuli
355 2256 459 2336 gratia
475 2256 610 2337 primum
625 2256 756 2334 invecta,
778 2255 809 2319 in
852 2252 1078 2341 Atouri‘door
1065 2252 1162 2336 ιερόν·
1200 2256 1332 2316 σπανί
1337 2274 1384 2315 αν
1406 2251 1451 2313 δὲ

228 2356 403 2421 Siciliamt
389 2356 809 2434 thransgressaaqueinter
859 2362 995 2425 καὶέν
1015 2359 1321 2458 ’ῳιααλίπάσῃ
1252 2332 1451 2422 ’Ταί-

227 2456 345 2537 primas
373 2452 630 2518 donataltaliae
659 2460 700 2517 et
733 2455 811 2516 iam
860 2491 923 2533 m
964 2468 1115 2532 notant
1163 2467 1231 2528 καὶ
1275 2425 1452 2546 ῥεγάλοι

227 2553 786 2631 adMorinosusquepervect
793 2569 813 2614 a
862 2567 1031 2649 ποταμοὶ
1061 2567 1147 2647 παρ’
1166 2565 1320 2665 δμῳοῐν·
1364 2555 1466 2627 ἀλλ”

228 2658 315 2718 act
302 2652 639 2716 tributariumt
600 2656 639 2715 et
646 2652 721 2714 iam
754 2650 813 2715 de·
863 2665 934 2729 oda
960 2668 1071 2730 rom
1101 2675 1247 2748 φέρειν
1270 2663 1288 2726 ὁ
1309 2662 1451 2734 eonor

132 2780 134 2785 ·
229 2751 365 2814 tineus
403 2750 546 2831 S⁰lu¹ss‚
588 2758 632 2813 ut
670 2755 765 2829 gent
772 2766 815 2813 ‘³⁸
864 2763 1451 2845 HaecPliniusexipsiusexpcrientia‚

229 2867 299 2913 vec
307 2849 425 2929 tlgas
465 2855 504 2913 et
554 2866 625 2929 Tr⁰
678 2848 815 2913 umbra
864 2883 935 2928 cum
958 2859 1452 2940 militaretiuGermania,ad-

229 2948 423 3029 pendant·
865 2961 944 3026 didit
973 2980 1082 3027 errore
1104 2961 1238 3042 quodam
1268 2959 1453 3039 interlapso‚

864 3080 934 3126 cum
956 3079 1063 3127 aceres
1080 3079 1136 3142 pro
1158 3058 1295 3141 platanis
1312 3064 1451 3139 putaret

863 3160 923 3241 (cf.
936 3160 973 3224 V.
986 3159 1087 3237 Hehn‚
1106 3157 1375 3241 ‘Kulturpflanzen
1387 3157 1452 3221 und

864 3260 1043 3325 Haustiere'
1061 3280 1092 3342 p.
1110 3260 1195 3342 240).

448 3368 493 3450 (7)
525 3368 694 3450 Dionysius
726 3368 811 3448 prior·
859 3374 911 3430 Ἐν
944 3366 1051 3451 Ῥηγίῳ
1091 3390 1167 3451 γουν
1206 3368 1245 3443 ἃς
1282 3367 1454 3447 Διονύσιος

230 3466 514 3547 Siciliaetyrannus
523 3467 653 3546 Regium
664 3467 694 3529 in
704 3465 812 3529 urbem
863 3469 1083 3553 πρεσβύτερος
1122 3470 1140 3534 o‘
1178 3469 1334 3552 τύραννος
1371 3474 1454 3559 ἐφύ-

232 3565 394 3630 transtulit
416 3583 468 3630 eas
494 3565 603 3630 domus
625 3583 702 3629 suae
722 3566 812 3628 mira·
863 3590 981 3634 τευσεν
1018 3573 1054 3634 ἐν
1087 3575 1133 3652 τῷ
1169 3571 1378 3655 παραδείσῳ,
1416 3575 1463 3639 αἶ’

231 3664 348 3742 culum,
378 3664 430 3728 ubi
453 3670 564 3744 postea
590 3664 706 3728 factum
728 3680 815 3744 gyni·
865 3671 948 3736 εἰσιν
963 3674 1133 3752 revincat
1148 3678 1315 3754 γυμνασίῳ
1331 3673 1454 3755 φιλοτι-

232 3765 370 3844 nasium3
416 3782 472 3827 nec
509 3765 650 3844 potuisse
688 3765 719 3827 in
751 3782 817 3828 am·
866 3773 986 3856 μηθεὶς
1023 3771 1061 3836 oo’
1099 3772 1295 3855 δεδύνηνται
1336 3773 1456 3856 λαβεῖν

232 3863 414 3943 piitudinem
432 3881 600 3948 augescere
619 3863 819 3964 Q
867 3878 1014 3954 μέγεθος.

232 3968 360 4033 fuisse
391 3971 429 4033 in
461 3969 588 4034 ltalia
626 3990 669 4036 ac
702 3974 819 4034 nomi-

233 4077 359 4138 natim
381 4076 582 4157 Hispania
609 4079 713 4159 apud
736 4095 821 4141 auc-

233 4191 344 4247 tores
366 4186 587 4250 invenitur.
