2962 4696
732 228 772 343 a

704 512 706 516 .
777 458 815 520 δὲ
831 451 888 540 τῆς
903 457 1089 538 κισσηρίδος
1103 454 1204 530 οὕτως
1218 455 1358 539 ἰσχυράν

773 547 858 619 εἶναι
884 553 1040 636 δύναμιν,
1067 551 1144 618 ὥστ’
1162 554 1223 617 ἐάν
1243 577 1290 629 τις
1313 553 1358 629 εἷς

775 656 882 717 πίθον
920 656 1032 731 ζέοντα
1071 653 1186 736 (οἴνου)
1229 654 1357 738 ἐμβάλῃ

774 751 895 818 παύειν
933 754 993 838 τήν
1031 756 1117 831 ζέσιν
1150 753 1195 817 ov’
1235 777 1358 835 παρα-

773 857 908 938 χρῆμα
955 852 1082 933 μόνον
1134 854 1238 918 α’λλοὶ
1289 855 1357 916 καὶ

775 948 873 1024 ὅλως
899 951 1291 1036 καταξηραίνουσνὶν
1316 975 1358 1015 τε

774 1050 890 1133 δῆλον
910 1046 968 1113 ὅτι
985 1051 1048 1114 καὶ
1066 1052 1359 1135 ἀναδεχομένην

774 1151 819 1212 cri
851 1153 1015 1232 πνεῦμα
1043 1150 1108 1213 καὶ
1139 1152 1261 1213 τοῦτο
1287 1150 1358 1214 διϊ-

775 1251 903 1313 εἴσαν.
955 1237 1082 1322 Οὗτος
1110 1253 1184 1330 μὲν
1215 1239 1285 1312 οὖν
1313 1248 1359 1312 τό

774 1369 815 1427 ys
845 1348 1004 1434 πλῆθος
1037 1346 1164 1432 ταύτῃ
1192 1352 1238 1432 τῇ
1273 1352 1360 1431 βοη-

774 1450 873 1531 θείᾳ
904 1455 1112 1526 κατέσχεν.

214 1573 219 1601 ¹
230 1571 374 1646 Pluribus
387 1570 507 1635 Plinius
530 1569 689 1634 aberravit
711 1587 730 1632 a
748 1569 973 1650 Theophrasto.
1016 1570 1152 1635 Primum
1173 1569 1256 1652 apud
1275 1569 1360 1634 illum

144 1697 208 1744 non
237 1697 339 1743 sermo
368 1683 417 1741 est
443 1677 482 1741 de
511 1676 679 1740 certamine
709 1674 836 1741 bibendi
863 1676 1027 1758 universo,
1056 1677 1112 1741 sed
1141 1683 1291 1741 narratur
1319 1675 1360 1739 ab

145 1784 269 1849 bomine
285 1784 421 1867 quodam
441 1781 610 1863 aliquando
629 1798 773 1861 magnam
790 1782 851 1845 vim
874 1781 1025 1847 hellebori
1042 1787 1255 1863 consumptam
1278 1800 1362 1858 esset

146 1898 213 1956 turn
232 1892 258 1955 is
276 1890 439 1971 pumicem,
459 1906 518 1952 non
533 1894 700 1969 antequam
717 1887 847 1968 biberet,
871 1890 1014 1969 sumpsit,
1036 1888 1089 1953 scd
1107 1894 1179 1970 post
1196 1889 1366 1969 septimum.

147 2003 256 2078 potum
286 1997 483 2076 saepiusque.
529 1995 571 2058 Et
600 1993 746 2058 deficiunt
771 2000 912 2058 nostrum
941 1996 1137 2072 accuratiora
1166 1994 1204 2060 de
1233 1992 1361 2059 bache.

149 2103 292 2184 Denique
311 2102 341 2164 in
357 2100 574 2181 Theophrasto
589 2102 793 2181 requiruntur
807 2099 904 2164 verba
926 2099 1033 2166 huius:
1054 2100 1118 2182 ,sed
1138 2101 1198 2165 nisi
1218 2102 1377 2184 uniuerso¹

146 2215 222 2290 potu
245 2208 450 2288 impleantur,
471 2205 660 2286 periclitari.

230 2330 318 2395 Haec
339 2328 498 2394 sufficiant
519 2328 669 2411 exempla,
691 2328 803 2410 quibus
823 2328 975 2409 probetur
994 2347 1033 2393 ne
1049 2347 1103 2394 eos
1122 2329 1247 2410 quidem
1270 2331 1362 2414 locos,

147 2436 262 2518 quihus
284 2435 434 2502 laudatur
455 2453 566 2499 nomen
588 2434 815 2516 Theophrasti,
838 2434 879 2499 ab
900 2435 967 2515 ipso
988 2434 1087 2501 Plinio
1109 2454 1178 2502 esse
1198 2438 1362 2521 inspectos,

149 2543 203 2608 sed
224 2561 281 2624 per
303 2543 436 2607 medium
457 2541 613 2622 quendam
635 2547 793 2607 auctorem
811 2547 948 2623 apertos,
971 2561 1009 2607 ex
1024 2561 1084 2625 quo
1099 2552 1225 2611 auctore
1237 2546 1363 2626 saepius

149 2666 322 2714 sermonem
354 2649 557 2714 contrahente
586 2649 634 2713 rel
665 2649 842 2729 corrigente
876 2649 923 2713 vel
954 2649 1062 2715 dubito
1091 2668 1130 2715 an
1161 2651 1262 2727 minus
1292 2651 1363 2715 dili·

148 2759 274 2836 genter,
297 2773 377 2836 quae
400 2754 635 2836 Theophrastus
658 2755 824 2834 sensisset,
849 2761 1038 2837 exponente,
1067 2756 1142 2837 quin
1163 2762 1269 2822 noster
1292 2775 1363 2822 sen·

149 2860 359 2927 tentiasillius
380 2861 520 2941 integras
540 2860 694 2940 hauriret,
715 2859 783 2924 fieri
799 2861 850 2924 vix
866 2862 978 2941 potuit.
1016 2860 1097 2927 Hinc
1117 2863 1176 2927 iarn
1194 2881 1257 2926 non
1275 2863 1363 2944 igno-

147 2967 243 3048 rabis,
265 2966 339 3048 quid
361 2966 559 3032 iudicandum
579 2966 618 3031 de
632 2966 681 3030 his
693 2966 772 3030 Plini
790 2966 893 3031 verbis
911 2967 1006 3050 (XIX,
1028 2967 1098 3051 32):
1118 2967 1363 3051 ,Theophrastus

148 3079 258 3139 auctor
281 3078 384 3139 est..
406 3122 413 3139 .
457 3073 518 3138 Sed
540 3089 640 3154 neque
663 3121 670 3137 .
694 3121 701 3136 .
723 3121 731 3137 .
754 3090 854 3154 neque
934 3124 941 3138 .
962 3074 995 3137 in
1016 3074 1257 3155 exemplaribus,
1280 3092 1364 3157 quac

148 3180 291 3261 equidem
313 3179 496 3260 invenerim,
532 3179 632 3244 tradit
653 3227 660 3242 .
683 3228 690 3244 .
781 3178 892 3244 Nonne
912 3179 1010 3262 idem,
1041 3180 1124 3264 quod
1150 3180 1189 3246 de
1210 3180 1293 3261 VllI,
1311 3187 1362 3263 44,

148 3286 203 3352 ubi
226 3286 265 3350 de
287 3285 456 3351 Aristotele
477 3284 590 3351 similia
611 3284 660 3349 hic
680 3284 871 3366 profitetur?

232 3408 377 3474 Ceterum
406 3412 491 3473 totus
511 3408 563 3472 ille
590 3407 694 3488 locus,
724 3426 784 3488 quo
805 3396 853 3472 'de
882 3414 990 3487 sparto
1021 3426 1121 3475 sermo
1149 3415 1213 3490 est,
1242 3409 1391 3492 a§261

149 3515 220 3581 inde
243 3514 282 3577 ad
304 3517 343 3578 33
365 3515 497 3596 speciem
520 3513 653 3594 praebet
675 3512 788 3577 bonam
814 3518 847 3577 et
868 3531 949 3593 eam,
978 3515 1069 3594 qnasi
1090 3533 1127 3579 ex
1148 3533 1210 3580 uno
1233 3520 1364 3581 auctore

148 3621 282 3686 haustus
305 3620 356 3685 sit.
398 3620 500 3685 Kuelb
516 3624 622 3684 monet
634 3624 775 3700 spartum
791 3617 1039 3700 aTbeophrasto
1055 3621 1287 3686 commemorari
1306 3621 1364 3685 sed

149 3726 304 3792 nominari
320 3725 540 3808 λινόσπαρτον
561 3725 612 3807 (cf.
635 3726 659 3807 I,
675 3727 705 3806 5,
717 3724 759 3805 2).
802 3723 862 3790 Sed
883 3743 952 3790 cum
973 3725 1017 3789 nil
1039 3726 1179 3791 additum
1202 3726 1366 3808 sitneque

150 3832 214 3899 ullo
235 3833 302 3899 looo
324 3832 387 3897 alio
410 3832 580 3914 quidquam
603 3830 642 3896 de
662 3830 716 3895 illo
739 3835 853 3912 exstet,
875 3849 926 3896 res
948 3831 1072 3897 videtur
1089 3832 1180 3897 nimis
1202 3831 1309 3898 dubia.

235 3963 323 4041 Quae
351 3963 451 4044 igitur
474 3960 556 4027 ratio
583 3961 667 4026 inter
686 3960 820 4025 Plinium
850 3964 883 4025 et
903 3960 1151 4042 Theophrastum
1181 3961 1366 4041 intercedat,

150 4071 197 4136 ita
221 4069 446 4134 adumbratur:
476 4067 662 4147 Auctorem,
692 4064 793 4148 qualis
821 4074 890 4131 erat
911 4064 978 4148 ille,
1007 4066 1151 4133 sibinen
1173 4085 1241 4133 esse
1268 4068 1366 4133 relin-
