2962 4696
770 273 811 334 30

182 447 307 511 tandem
325 446 498 524 momentis,
522 449 561 509 ut
577 463 727 510 conexum
743 444 983 526 pulcherrimum
995 443 1204 525 Theophrasti
1219 443 1264 506 ita
1285 441 1396 506 discin-

181 554 271 618 deret
296 553 452 632 aliterque
482 551 583 617 denuo
612 553 858 631 consarcinaret,
880 554 1058 616 'commotus
1083 550 1134 614 sit.
1177 549 1287 631 Neque
1315 549 1395 613 euim

181 661 289 724 melior
309 677 377 724 esse
401 659 481 723 Plini
509 658 586 722 ordo
615 659 674 723 dici
696 664 814 740 potest,
846 677 901 722 noo
931 659 957 721 is
978 657 1106 722 omnino
1134 655 1264 720 eundem
1298 672 1398 736 usque

180 768 320 833 ordinem
342 771 465 847 servat,
485 766 539 830 sed
560 784 690 847 prorsus
713 782 789 830 casu
811 767 877 829 sire
898 764 1022 829 licentia
1045 763 1179 827 ducitur.

259 873 330 937 Non
354 871 445 938 aliter
466 872 666 937 iudicandum
690 878 739 937 est
760 873 798 936 de
819 873 866 953 iis,
889 888 971 952 quae
992 870 1042 934 hic
1063 870 1198 951 scriptor
1212 866 1319 932 omisit
1341 871 1399 932 aut

180 979 310 1045 addidit.
353 979 550 1062 Quamquam
571 997 652 1059 quae
680 978 785 1043 omisit
810 996 903 1060 saepe
924 977 1030 1041 studio
1058 976 1221 1040 brevitatis
1248 981 1282 1039 et
1309 973 1398 1038 lesti-

95 1130 99 1135 -
181 1087 308 1151 natione
323 1085 473 1150 declarari
491 1089 634 1166 possunt.
677 1084 906 1148 interciderunt
920 1102 970 1147 res
985 1082 1135 1163 singulae,
1156 1081 1272 1161 quihus
1287 1099 1398 1162 super-

182 1193 301 1257 sedisse
324 1211 394 1256 eum
418 1192 491 1255 licet
513 1197 637 1273 putare,
657 1190 704 1254 vel
728 1209 779 1254 res
801 1193 869 1271 ipsa
893 1196 1016 1254 tantum
1036 1189 1183 1268 relertur,
1205 1188 1328 1252 omissis
1350 1188 1398 1266 iis,

182 1317 262 1381 quae
295 1299 378 1378 apud
407 1296 656 1377 Theophrastum
692 1298 758 1362 eius
794 1296 969 1378 explicandi
1006 1311 1102 1360 causa
1129 1294 1303 1359 adduntur.
1354 1293 1400 1359 Ut

183 1403 322 1485 exemplo
352 1409 492 1481 utamur,
520 1402 588 1467 loco
618 1405 758 1484 proxime
780 1421 910 1468 excusso
941 1401 1090 1485 (111137)
1119 1401 1236 1466 Plinius
1269 1400 1400 1465 arbores

183 1509 255 1575 illes
276 1510 448 1592 asperitate
467 1527 620 1591 aquarum
642 1509 682 1574 ali
706 1527 807 1574 rerum
832 1510 1024 1588 argumentis
1042 1525 1195 1588 apparere
1216 1506 1271 1587 ait,
1295 1506 1401 1571 Theo-

184 1616 332 1699 phrastus
361 1623 548 1698 argumenta
574 1616 642 1696 ipsa
671 1614 803 1679 exhibet.
850 1614 919 1693 XH,
936 1619 977 1678 60
1005 1615 1035 1678 in
1066 1613 1176 1678 insulis
1208 1618 1258 1677 tus
1289 1610 1400 1677 melius

184 1724 269 1804 gigni
293 1724 409 1800 tradit,
437 1722 488 1786 ille
509 1723 636 1803 exponit
659 1720 731 1802 (IX,
748 1726 778 1800 4,
792 1720 845 1802 4),
874 1739 928 1786 cur
951 1719 983 1785 id
1005 1719 1070 1784 fiat.
1113 1720 1276 1800 Epitomae
1298 1719 1400 1783 Theo

185 1830 306 1911 phrasti
327 1829 472 1893 videntur
500 1834 625 1891 exstare
647 1827 717 1906 llll,
734 1832 789 1891 34:
820 1829 858 1892 dc
886 1830 1007 1908 liquore
1035 1829 1144 1907 spinae
1174 1826 1270 1891 oculis
1300 1826 1401 1889 caeci·

186 1942 283 2000 tatem
313 1933 467 1998 inferente
492 1932 665 2017 (Theophr.
689 1933 848 2016 lv,4,13)
875 1934 1064 2014 41Χ11,40;
1097 1934 1136 1997 de
1164 1931 1324 2013 rigatione
1357 1931 1402 1995 in·

186 2043 271 2108 sulae
293 2041 362 2123 Tyli
384 2040 553 2123 (Theophr.
575 2040 630 2120 IV,
645 2046 674 2120 7,
686 2041 731 2119 8).
1051 2111 1054 2117 ,

268 2147 328 2214 Sed
355 2152 509 2231 quantum
539 2146 658 2211 Plinius
687 2148 718 2210 in
745 2146 803 2211 hoc
833 2144 891 2210 sihi
920 2163 981 2209 non
1011 2151 1186 2224 constaret,
1213 2145 1274 2208 iam
1304 2161 1401 2226 supra

185 2256 397 2338 probavimus.
438 2253 543 2318 Unum
562 2258 685 2318 tantum
700 2253 875 2334 exemplum
897 2251 957 2316 huc
977 2251 1099 2317 adicere
1117 2252 1219 2317 liceat.
1261 2252 1349 2335 XIII,
1362 2257 1402 2318 54

186 2362 336 2430 describit
357 2359 584 2442 terebinthum,
614 2360 755 2441 proxima
778 2360 975 2440 paragrapho
997 2359 1078 2424 rhun
1096 2359 1140 2441 1);
1170 2365 1305 2440 utroque
1333 2360 1403 2426 loco

186 2468 287 2534 multo
315 2467 438 2532 brevior
465 2472 515 2531 est
543 2465 763 2547 Theophrasto
786 2465 860 2549 (Ill,
883 2471 930 2545 15,
946 2470 1027 2530 4-5
1056 2470 1089 2530 41
1113 2471 1160 2544 18,
1179 2467 1224 2545 5).
1274 2466 1335 2532 Sed
1358 2467 1402 2532 vi·

187 2575 325 2656 444444,
342 2592 433 2655 quam
448 2578 573 2639 secutus
588 2573 629 2637 sit
643 2574 796 2637 rationem
813 2574 844 2637 iu
858 2572 1034 2637 breviando.
1064 2573 1152 2650 Quae
1164 2572 1402 2654 Theophrastus

186 2682 283 2748 habet
304 2681 343 2746 de
364 2679 449 2761 flore,
474 2680 504 2744 iu
529 2680 582 2744 illo
605 2680 679 2762 (54)
701 2680 856 2760 excerpsit
879 2680 910 2743 in
932 2679 992 2744 hoc
1014 2678 1089 2761 (55)
1111 2679 1264 2759 neglexit,
1291 2687 1403 2745 contra

186 2788 225 2853 de
247 2788 311 2854 situ
334 2793 367 2852 et
398 2787 599 2852 collocatione
629 2785 774 2850 foliorum
795 2804 875 2867 quae
905 2785 955 2849 ille
982 2785 1148 2866 diligenter
1177 2790 1312 2865 utroque
1334 2785 1402 2851 loco

186 2894 331 2975 exponit,
364 2893 414 2957 hic
436 2890 511 2975 (55)
542 2892 681 2957 enotavit
712 2892 775 2956 illic
802 2890 877 2974 (54)
906 2891 1128 2973 praetermisit.
1179 2889 1246 2967 Quo
1275 2891 1306 2955 in
1336 2891 1403 2956 solo

186 3000 303 3083 optime
331 2999 437 3064 alatur
458 2999 533 3064 rhus
556 2998 648 3081 (55),
672 2998 758 3080 silet,
791 3017 917 3076 verum,
952 2997 1004 3062 ubi
1037 2997 1230 3062 terebinthus
1254 3003 1404 3063 uastatur

187 3104 262 3190 (54)
282 3123 424 3187 magnus,
448 3104 501 3170 ubi
514 3122 640 3186 parvus,
662 3103 796 3169 exhibet.
840 3103 930 3168 Talia
944 3104 1019 3168 locis
1038 3103 1184 3184 deinceps
1200 3104 1404 3184 sequentihus

96 3210 100 3217 “
187 3202 384 3295 deprehensa
412 3212 461 3277 vel
491 3229 631 3277 summae
658 3211 794 3276 incuriae
823 3211 983 3292 scriptoris
1007 3216 1162 3290 —atque
1186 3209 1264 3273 satis
1291 3210 1405 3275 leviter

187 3336 222 3387 se
251 3318 385 3400 gessisse
405 3318 540 3383 Plinium
568 3336 663 3399 supra
693 3319 943 3383 demonstratum
974 3322 1023 3382 est
1047 3334 1179 3380 —num
1208 3321 1300 3397 putas
1329 3334 1405 3382 con·

188 3424 336 3493 donanda
356 3422 448 3490 esse‘l
489 3424 641 3506 Equidem
663 3423 689 3488 si
713 3423 744 3488 ld
769 3424 897 3488 credere
918 3440 1062 3503 cogerer,
1090 3424 1139 3486 oui
1169 3422 1299 3486 tandem
1325 3421 1405 3488 bono

187 3533 238 3599 hic
257 3530 432 3597 naturalem
449 3530 610 3595 historiam
630 3529 823 3610 confecisset,
846 3547 975 3610 prorsus
997 3529 1158 3594 nescirem.
1200 3528 1284 3607 Ergo
1300 3527 1406 3593 Theo·

63 3710 66 3715 ,
185 3639 341 3731 phrastus
362 3638 410 3703 his
430 3636 505 3702 locis
526 3655 587 3702 non
601 3636 719 3701 subest.
763 3637 804 3700 ht
826 3636 852 3701 si
875 3637 943 3718 quis
967 3642 1081 3715 tamen,
1104 3635 1179 3699 illud
1203 3640 1238 3699 ut
1261 3635 1406 3718 accipiat,

260 3822 286 3891 l)
304 3822 403 3879 verba:
427 3824 503 3879 ‘rhus
528 3823 609 3894 Syria
635 3823 758 3878 mascula
782 3823 837 3879 fert
860 3822 949 3878 sterili
973 3821 1082 3877 feminei
1107 3820 1271 3891 Maphoffiue
1296 3836 1406 3875 summo

165 3930 247 3999 ‘11¹⁰
264 3908 427 3966 emendarit
444 3909 649 3980 transponendo
668 3909 752 3964 verba
765 3909 831 3963 ‘fert
851 3908 957 3974 sterili';
983 3925 1049 3963 nam
1074 3907 1203 3962 feminam
1221 3906 1293 3960 ferre
1313 3906 1406 3961 sterili

144 3960 176 4027 7
195 3992 312 4081 ,mula
330 3994 421 4051 veron
439 3993 610 4067 paragraphi
628 3993 726 4063 prioris
743 3994 863 4049 44444
882 3995 943 4050 0011.
962 3993 1098 4064 Theophr.
1118 3992 1178 4059 (ur,
1197 3991 1239 4056 rs,
1258 3992 1284 4060 t)
1310 3991 1359 4059 τῆς
1376 3993 1406 4046 or

101 4046 223 4165 Vq
247 4080 283 4139 el
300 4077 350 4141 W
368 4078 459 4158 ἄρρεν,
485 4082 514 4133 ιδ
531 4082 559 4134 δέ
579 4079 650 4149 θῆλυ
667 4080 768 4134 coicum
786 4081 823 4152 τῷ
848 4082 877 4134 τὸ
893 4082 941 4143 μὶν
959 4080 1074 4154 ἄκαρπον
1095 4070 1159 4133 εἶναι
1177 4081 1206 4130 τὸ
1224 4077 1251 4128 dl
1270 4075 1406 4145 κάρπιμον,

30 4136 205 4365 ss
