2962 4696
169 468 204 520 (a
224 452 354 518 Genera·
363 453 513 519 arborum
523 453 711 518 Macedones

126 569 295 617 narravere
323 553 442 617 maiore
467 557 619 634 exparte
643 553 711 618 sine

126 650 314 715 nominibus.

722 222 764 349 '32

805 456 1066 538 θ.Κοιὶὲ’τερα
1083 455 1349 519 δὲτιλείωκοιὶ

760 554 1023 638 διαφέροντα
1061 558 1140 618 τῶν
1183 557 1226 618 ἐν
1263 558 1349 639 τοῖς

750 645 894 739 Ἕλλησ
902 678 937 719 ιν
953 655 1036 719 ἀλλ’
1054 653 1220 738 α’νώννμα.
1245 659 1346 724 Θου,-

759 754 922 834 μαστδν
952 755 981 817 δ’
1011 755 1131 819 οὐδὲν
1154 759 1220 841 τῆς
1242 754 1350 818 ίδιό-

759 876 885 936 τητος,
926 855 1089 934 Σχεδδν
1119 856 1208 937 yde,
1239 852 1349 938 ὥςγε

756 952 805 1039 δή
826 962 932 1026 τινές
952 954 1226 1036 φασινούθὲν
1245 953 1350 1028 ὅλως

710 1129 712 1135 s
755 1052 1349 1137 τῶνδένδρωνοιίδὲτῶνδλη-

168 1449 212 1517 (Ι.
243 1452 303 1517 Est
330 1457 363 1515 et
394 1449 573 1516 terebintho
603 1451 712 1515 similis

127 1555 242 1630 cetera,
262 1568 353 1630 pomo
368 1549 552 1631 amygdalis,
564 1550 712 1648 Q

129 1670 276 1729 tantum
307 1663 586 1740 magnitudine,
622 1683 713 1746 prae·

127 1783 236 1863 eipuae
279 1783 458 1863 suavitatis,
516 1782 547 1844 in
590 1780 713 1844 Bactris

128 1882 274 1962 utique.
299 1880 388 1944 Hane
405 1880 500 1961 aliqui
512 1878 711 1944 terebinthon

128 1998 196 2044 esse
213 1981 329 2061 proprii
351 1980 474 2061 generis
492 1981 594 2060 potius
616 1996 709 2058 quam

129 2078 259 2145 similem
282 2080 310 2142 ei
331 2085 534 2160 nutaverunt.

755 1151 1015 1233 adamantinis
1042 1150 1122 1216 τῶν
1150 1153 1349 1217 ποιωδῶν

760 1248 910 1332 ὅμοιόν
931 1252 1020 1315 ἐστι
1041 1255 1128 1326 τοῖς
1146 1253 1188 1316 ἓν
1207 1255 1256 1336 τῇ
1276 1253 1349 1319 Ἐλ-

761 1350 860 1415 λοίδι
881 1351 989 1435 πλὴν
1011 1351 1174 1432 ὀλίγων.

804 1450 845 1516 tl.
871 1451 961 1514 Φασὶ
983 1451 1021 1513 δὲ
1041 1441 1126 1513 εἶναι
1146 1450 1200 1513 καὶ
1220 1457 1348 1530 τέρμιν-

762 1553 843 1628 θον,
871 1549 902 1612 oi
923 1550 961 1612 δὲ
982 1546 1095 1629 ὅμοιον
1117 1553 1301 1631 τερμίνθῳ,
1328 1546 1349 1611 δ

762 1649 805 1711 τδ
841 1653 917 1729 μὲν
960 1647 1113 1730 φύλλον
1148 1648 1218 1711 καὶ
1257 1648 1350 1721 τούς

763 1748 911 1821 κλῶνας
928 1749 981 1810 καὶ
999 1738 1103 1812 τᾶλλα
1120 1747 1233 1810 πάντα
1250 1743 1349 1826 ὅμοιοι

763 1851 828 1927 ἔχει
845 1853 885 1931 τῇ
905 1853 1073 1929 τερμίνθῳ
1093 1850 1169 1911 τόν
1192 1849 1237 1910 δὲ
1260 1868 1349 1928 κάρ-

763 1948 839 2010 πδν
874 1947 1100 2031 διάφορον·
1139 1944 1251 2029 ὅμοιον
1287 1948 1349 2030 γδρ

762 2050 835 2119 ταῖς
856 2047 1069 2129 α’μνγδοίλοιις.
1104 2037 1202 2110 Εἶναι
1217 2047 1278 2128 γοίρ
1294 2046 1359 2109 καὶ.

714 2192 720 2223 ,
760 2145 795 2208 ἐν
812 2145 974 2228 Βάκτροις
993 2147 1054 2229 τήν
1071 2149 1249 2227 τέρμινθον
1267 2145 1348 2209 ταύ-

670 2306 673 2311 .
760 2267 820 2327 την
837 2245 906 2307 καὶ
928 2244 1059 2328 κοίρνα
1076 2253 1212 2328 φέρειν
1232 2245 1362 2331 ἡλίκα,

759 2343 986 2427 ἀμύγδαλα
1015 2344 1083 2408 διοὶ
1111 2347 1157 2408 oo*
1195 2346 1245 2446 μφ
1277 2368 1350 2426 με·

680 2538 686 2549 ..
757 2461 861 2566 Q
878 2463 932 2526 κοιλ
953 2467 994 2546 τῇ
1017 2458 1097 2552 ὄψει
1118 2464 1156 2526 δὲ
1178 2460 1362 2546 παρόμοιοι-

170 3081 207 3131 o.
235 3066 297 3130 Sed
320 3065 402 3130 unde
424 3071 527 3130 vestes
549 3065 647 3131 lineas
666 3065 681 3128 f
698 3099 713 3112 ·

37 3254 40 3261 Ι
130 3164 217 3228 ciunt
236 3164 319 3229 foiiis
338 3183 423 3229 moro
440 3165 560 3244 similis,
565 3164 712 3269 Q

126 3297 225 3379 Q
221 3280 231 3343 i
258 3279 461 3361 cynorrhodo.
506 3281 624 3346 Serunt
644 3300 712 3346 eam

128 3396 159 3461 in
182 3396 299 3478 eampis
321 3414 378 3460 neo
408 3402 456 3460 est
487 3397 607 3476 gratior
628 3396 713 3461 vine-

128 3512 215 3559 arum
235 3500 425 3575 prospectus.

758 2581 865 2668 πλήν
883 2581 928 2643 τδ
948 2563 1127 2663 κέλυφος
1143 2579 1190 2644 ον’
1205 2578 1348 2662 τραχδ,

757 2683 799 2764 τῇ
847 2680 885 2743 δὲ
910 2741 912 2745 ,
934 2679 1095 2764 εδστομίρι
1144 2680 1198 2743 καὶ
1244 2678 1351 2766 ἡδονῇ

758 2784 932 2861 κρείττω
964 2782 1044 2842 τῶν
1081 2767 1348 2861 οἷμνγδοίλιον.

758 2874 815 2941 Δι’
854 2876 872 2941 ὃ
913 2879 978 2941 καὶ
1018 2881 1207 2961 χρῆσθαι
1253 2878 1350 2953 τοδς

762 2976 853 3040 ε’κεῖ
870 2977 1037 3058 μᾶλλον.

803 3064 1350 3159 θᾘὼὢῶωωωώ

762 3192 824 3253 σιν,
842 3175 880 3239 τδ
890 3180 951 3255 μὲν
966 3175 1088 3259 φύλλον
1101 3174 1213 3258 ὅμοιον
1226 3179 1293 3258 ἔχει
1308 3178 1352 3261 τῇ

762 3279 929 3355 συκαμίνῳ
957 3276 1002 3339 τδ
1031 3277 1075 3339 δὲ
1095 3273 1189 3339 ὅλον
1216 3276 1364 3376 φντδνΙ

761 3393 829 3462 τοϊς
849 3391 1035 3474 κονορόδοις
1057 3390 1178 3474 ὅμοιον.
1224 3391 1352 3457 nauso·-

761 3506 834 3551 οοσι
863 3489 901 3552 δὲ
935 3491 972 3553 ἐν
1009 3494 1077 3564 τοῖς
1109 3494 1234 3567 πεδίοις
1262 3493 1352 3556 abaci

761 3587 846 3648 κατ’
868 3583 1026 3669 ὄρχους,
1049 3590 1091 3652 δι’
1113 3589 1352 3674 ὃκαὶττόρρω-

759 3689 824 3748 θεν
838 3686 989 3770 α’φορῶσι
1003 3686 1147 3770 ἄμπελοι
1164 3676 1358 3772 φιιίνοντόιι.Ι

801 3780 832 3848 f.
858 3782 968 3865 Ἔχει
995 3787 1129 3851 δὲκαὶ
1156 3791 1389 3869 φοίνικας..

759 3885 849 3948 ἔνιοι
869 3895 971 3970 μέρη
994 3885 1180 3960 πολλούς.

214 3980 263 4044 Ad
280 3984 385 4044 textus
404 3980 644 4060 recognitionem
666 3982 816 4047 nonnulla
832 3992 908 4050 sunt
926 3985 1064 4050 dicenda.
1107 3984 1153 4048 Ex
1169 3984 1352 4068 arboribus,

130 4097 209 4159 quas
238 4080 270 4143 in
293 4077 512 4161 Theophrasto
542 4081 655 4147 litteris
677 4090 710 4145 a*
736 4091 768 4147 et
789 4085 824 4146 uh
848 4086 985 4164 signavi,
1017 4085 1099 4163 apud
1118 4084 1251 4150 Plinium
1271 4100 1353 4152 ‘una
1384 4158 1394 4165 ,
