2962 4696
713 254 753 314 56

124 444 233 508 neque,
256 433 292 491 ut
310 427 377 506 ipse
394 430 495 504 eruat,
519 445 599 507 quae
619 427 712 491 huius
734 428 832 508 ipsius
855 427 1015 492 doctrinae
1033 426 1083 491 vel
1103 426 1342 508 investigationi

125 532 309 615 debeantur,
332 549 457 612 operam
478 531 572 596 dedit.
616 532 760 598 Ceterum
776 531 937 611 nonnulla,
960 550 1040 613 quae
1055 551 1112 599 uos
1129 533 1346 615 produximus,

125 638 239 702 menda
266 643 365 701 minus
394 623 468 701 sunt
489 638 547 701 viri
574 639 617 702 rei
646 638 864 719 phytologicae
893 639 996 719 periti.
1046 638 1234 721 Pleraeque,
1261 655 1346 719 quae

125 744 173 807 his
210 743 297 806 libris
335 743 551 823 continentur,
595 742 724 807 arbores
760 744 843 809 hunc
882 761 1042 824 nunquam
1083 744 1181 809 oculis
1226 743 1346 809 vidisse

126 854 270 929 apertum
294 854 351 912 est.
394 849 580 912 accuratius
601 850 632 913 in
655 849 737 914 hanc
757 867 822 913 rem
845 850 1000 930 inquirere
1022 867 1098 914 sane
1119 849 1258 931 iuvabit3
1284 849 1344 914 sed
1420 837 1426 843 ’

129 954 251 1034 longior
273 971 310 1016 ea
331 953 457 1035 quidem
479 955 657 1034 disquisitio
680 961 712 1018 et
733 973 813 1035 qnae
836 957 901 1020 sine
931 956 1051 1020 acriore
1073 955 1206 1019 scientia
1230 954 1346 1037 phyto

126 1060 226 1140 logica
248 1079 284 1124 ac
304 1058 471 1141 praecipue
492 1060 638 1125 arborum
662 1060 787 1125 illarum
811 1062 985 1140 cognitione
1008 1078 1055 1142 ea,
1078 1078 1171 1141 quam
1193 1078 1345 1125 vocamus

127 1166 311 1256 αὐτοψίαν,
343 1164 463 1229 absolvi
496 1170 640 1246 nequeat.
694 1167 805 1248 ltaque
840 1166 918 1230 haec
947 1167 1094 1230 attulisse
1124 1166 1203 1231 satis
1233 1166 1345 1245 habeo,

128 1292 208 1355 qnae
230 1272 391 1353 quadrant
413 1272 443 1334 in
464 1289 563 1334 meam
582 1271 621 1336 de
640 1273 763 1336 ratione
785 1273 868 1336 inter
886 1273 1019 1337 Plinium
1042 1280 1074 1336 et
1092 1271 1345 1353 Theophrastum

128 1379 319 1444 sententiam
341 1382 456 1457 totam,
487 1394 547 1458 qna
571 1378 713 1442 existimo
744 1379 784 1442 ab
807 1378 866 1443 hoc
887 1378 1108 1443 alienissimum
1129 1379 1224 1445 luisse
1246 1376 1350 1456 illum.-

212 1485 277 1548 Nec
315 1501 389 1547 vero
428 1483 504 1548 locis
541 1484 595 1564 iis,
632 1483 746 1564 quihus
781 1485 1015 1566 Theophrastus
1054 1484 1094 1548 ab
1128 1471 1197 1565 ipso
1233 1488 1347 1549 auctor

129 1590 278 1657 laudatur
301 1626 340 1636 -
364 1607 435 1653 nam
463 1594 495 1653 et
516 1588 554 1652 de
584 1589 632 1652 his
654 1607 737 1653 nunc
757 1594 915 1670 postremo
943 1590 1107 1655 dicendum
1130 1591 1191 1655 erit
1212 1625 1253 1636 -
1278 1588 1347 1653 effi·

129 1699 216 1762 citnr-
232 1696 437 1774 contrarium3
470 1693 583 1774 quibus
603 1692 696 1757 fidem
724 1712 786 1785 non
808 1695 984 1759 hahendam
1014 1713 1083 1760 esse
1105 1694 1196 1760 facile
1224 1694 1348 1759 intelle·

129 1809 231 1883 getnr.
281 1801 346 1864 Iam
377 1801 504 1881 saepius
528 1798 649 1871 ‚dictum
678 1805 727 1864 est
748 1801 881 1864 Plinium
914 1819 967 1866 eos
996 1801 1183 1882 scriptores,
1212 1818 1350 1882 quorum
1377 1886 1380 1891 ι

130 1908 255 1973 nomina
285 1925 343 1987 per
363 1906 529 1970 dictionem
557 1905 685 1984 laudat,
715 1924 775 1969 non
806 1924 928 1986 semper
952 1907 1052 1986 ipsum
1074 1906 1262 1986 excussisse,
1289 1907 1348 1971 sed

129 2012 286 2077 interdum
317 2030 423 2076 eorum
452 2013 624 2076 sententias
643 2014 694 2075 'ab
722 2012 792 2075 aliis
822 2018 966 2076 enotatas
990 2012 1167 2092 repperisse
1195 2017 1290 2092 atque
1315 2013 1349 2077 in
1412 2000 1420 2007 ’

132 2137 209 2199 opus
226 2136 314 2182 sunm
330 2119 497 2182 inseruisse
512 2118 567 2198 ita,
588 2124 623 2180 nt
639 2118 706 2197 ipse
722 2117 913 2197 excerpsisse
930 2118 1100 2182 videretur.
1137 2102 1350 2197 Aristotelem,

132 2243 228 2307 quem
245 2224 426 2303 saepissime
448 2242 501 2287 ore
517 2223 614 2287 volvit
631 2223 741 2303 cuique
762 2228 868 2286 tantos
882 2221 1015 2286 honores
1033 2222 1154 2301 tribuit,
1175 2221 1216 2286 ah
1231 2239 1268 2286 so
1283 2234 1350 2288 non

132 2328 312 2393 adhibitum
333 2346 401 2393 esse
416 2329 591 2409 probarunt
607 2329 675 2392 Birt
692 2328 725 2410 (l.
744 2328 763 2393 l.
783 2347 812 2409 p.
835 2333 892 2391 132
903 2330 984 2408 sqq.)
1003 2335 1035 2392 et
1047 2328 1106 2409 Aly
1121 2328 1157 2409 (l,
1173 2347 1203 2409 p.
1215 2331 1351 2408 58sqq.;

132 2435 179 2514 ΙΙ,
201 2453 231 2514 p.
258 2439 294 2496 13
307 2438 400 2514 sqq).
441 2433 501 2497 Hic
521 2440 555 2497 et
575 2434 638 2498 alia
660 2434 801 2514 exempla
823 2433 943 2513 profert
966 2432 1015 2512 (cl.
1037 2434 1083 2513 Il,
1104 2452 1134 2514 p.
1155 2430 1216 2513 11).

215 2540 296 2604 Hinc
323 2541 383 2603 iam
405 2539 509 2604 elucet
531 2538 706 2603 nominibus
728 2547 891 2602 auctorum
915 2556 935 2602 a
956 2538 1057 2603 Plinio
1079 2538 1153 2604 latis
1173 2538 1265 2604 fidem
1282 2556 1351 2603 non

133 2663 201 2710 esse
222 2646 396 2711 habendam
424 2644 517 2726 idque
543 2662 605 2708 non
634 2645 735 2708 minus
762 2644 846 2709 cadit
873 2645 905 2707 in
928 2644 1178 2724 Theophrastum
1200 2661 1295 2725 quarn
1317 2645 1351 2709 in

134 2757 265 2817 ceteros.
309 2750 370 2816 Sed
393 2751 541 2814 nonnulla
561 2750 714 2830 exempla,
737 2748 850 2830 quihus
873 2749 949 2814 haec
969 2751 1125 2814 sententia
1147 2750 1257 2816 melius
1278 2767 1352 2814 con-

134 2856 292 2938 firmetur,
320 2857 499 2937 producam.
541 2855 706 2919 Laudatur
735 2854 969 2936 Theophrastus
999 2855 1081 2937 apud
1109 2856 1243 2920 Plinium
1272 2873 1352 2935 qua·

135 2962 261 3043 dragies
283 2963 415 3043 septies3
447 2961 620 3042 exquibus
649 2961 726 3038 locis
750 2963 887 3042 pertinet
911 2979 992 3025 unus
1014 2961 1054 3025 ad
1083 2960 1359 3044 chorographiam,

135 3068 241 3133 decem
263 3067 302 3132 ad
325 3068 470 3147 metalla,
492 3073 556 3131 tres
579 3067 617 3130 sd
640 3066 801 3131 historiam
826 3067 949 3143 artium,
971 3083 1081 3130 novem
1104 3067 1145 3131 ad
1169 3067 1351 3132 animalium

135 3174 316 3256 historiam,
344 3175 448 3238 decem
479 3172 519 3237 ad
548 3173 750 3254 medicinam,
789 3171 1024 3254 quatuordecim
1054 3172 1096 3235 ad
1126 3172 1352 3252 phytologiam.

136 3280 195 3359 Qui
217 3281 317 3344 ultimi
341 3299 402 3344 non
427 3297 446 3342 a
468 3279 568 3344 Plinio
590 3280 658 3361 ipso
683 3279 805 3343 excussi
829 3284 916 3359 sunt,
946 3278 972 3341 si
994 3277 1120 3358 quidem
1142 3277 1353 3359 Theophrasti

136 3389 302 3453 historiam
330 3386 509 3469 plantarum
539 3405 610 3450 enm
645 3405 706 3449 non
741 3385 854 3465 legisse
885 3385 947 3447 iam
975 3401 1160 3467 persuasum
1191 3383 1353 3451 hahemus.

137 3494 223 3558 Libri
246 3494 285 3559 de
313 3494 414 3558 causis
443 3493 619 3573 plantarum
648 3492 689 3555 ad
719 3497 844 3555 nostros
867 3509 897 3554 n.
919 3489 949 3553 h.
971 3490 1066 3555 libros
1094 3490 1171 3554 nihil
1197 3496 1355 3572 spectant.

139 3600 231 3677 Quod
254 3599 371 3663 attinet
391 3604 498 3663 cetera
521 3596 726 3678 Theophrasti
751 3596 788 3661 de
810 3596 927 3676 plantis
948 3597 1066 3676 scripta
1087 3597 1226 3677 minora,
1252 3597 1291 3661 da
1314 3598 1356 3663 iis

139 3712 225 3771 certo
245 3706 356 3772 ,statui
395 3705 517 3785 nequit,
555 3704 700 3786 qnoniam
731 3702 771 3765 ad
806 3720 902 3766 nnnm
938 3703 1042 3766 omnia
1073 3708 1146 3767 sunt
1181 3703 1354 3785 deperdita.

139 3813 251 3893 Itaque
271 3829 366 3875 unum
386 3810 435 3873 vel
455 3810 547 3890 plura
569 3828 606 3874 ex
626 3811 673 3888 iis,
695 3827 719 3873 e.
740 3827 770 3888 g.
794 3807 834 3871 de
855 3809 937 3872 sucis
958 3808 1048 3890 (περὶ
1068 3810 1181 3888 χυμῶν
1201 3808 1236 3890 ά)
1259 3810 1356 3875 etde

141 3921 240 3999 pomis
269 3916 359 4000 (περὶ
380 3916 527 3997 καρπῶν)
557 3935 577 3979 a
607 3921 713 3979 nostro
742 3914 823 3978 lecta
853 3931 921 3977 esse
952 3933 1012 3978 non
1044 3931 1173 3994 prorsus
1201 3919 1355 3997 negatur3

142 4043 320 4105 quanquam
345 4032 456 4098 librum
489 4032 528 4096 de
558 4033 705 4100 odoribus
735 4040 887 4124 neglexit,
919 4034 979 4095 quo
1008 4022 1047 4086 de
1079 4026 1262 4101 argumessw
1290 4037 1356 4085 11⁰ss
