2962 4696
654 306 696 369 63

61 486 225 567 quendum
248 485 302 548 hic
320 485 402 548 satis
422 484 589 550 intellexit.
629 484 692 551 Sed
708 486 826 549 sciebat
848 484 878 547 id
895 502 1026 564 quoque,
1050 484 1135 547 illurn
1152 484 1286 549 ccltxc

62 592 153 656 anuis
177 596 258 655 ante
279 607 314 654 se
334 590 497 671 scripsisse
519 590 558 655 iis
577 590 781 673 temporibus,
803 608 871 655 cum
890 588 1065 653 Alexander
1079 588 1213 667 Magnus
1232 609 1283 653 ‹rx-

63 697 230 778 peditione
260 713 318 760 sua
345 696 498 761 orientem
532 698 665 778 primum
701 696 909 777 patefecisset.
959 696 1084 761 Sciebat
1112 704 1286 778 praeterea,

64 805 119 868 rasi
142 802 367 884 permultaet
392 802 481 866 uaria
502 802 541 867 de
567 804 648 879 situ,
677 802 803 881 ineolis,
832 802 958 879 bestiis,
987 802 1103 884 plantis
1127 804 1285 881 regionum

63 909 204 989 illarum,
228 914 335 971 tamen
357 908 453 972 etiam
475 908 575 973 multa
594 907 738 975 fabulosa
763 906 1015 989 incredibilisque
1044 909 1144 972 relata
1176 926 1286 973 ossea

10 1016 14 1021 '
64 1014 238 1078 comitibus
260 1010 433 1077 Alexandri
455 1020 488 1077 et
506 1032 563 1096 per
584 1014 660 1079 haec
679 1020 830 1095 quattuor
851 1015 976 1079 saecula
998 1033 1058 1078 uon
1075 1014 1167 1078 modo
1188 1020 1285 1078 totam

64 1128 167 1185 amem
190 1119 441 1201 phytologicam,
463 1119 614 1185 sedante
643 1126 748 1184 uetera
778 1121 985 1201 cognitionem
1014 1121 1159 1202 stirpium
1185 1121 1287 1184 orien-

65 1228 177 1292 talium
196 1242 313 1305 magno
332 1242 428 1306 opere
447 1244 518 1291 esse
539 1225 761 1307 amplificatam
782 1231 816 1289 et
836 1234 1019 1306 correctam,
1043 1228 1227 1307 praesertim
1249 1245 1287 1290 ex

66 1350 128 1414 quo
159 1338 197 1396 et
217 1332 351 1395 Romam
382 1330 454 1397 illas
485 1338 587 1397 terras
614 1331 762 1397 adissent.
809 1331 1013 1397 masuetudo
1040 1339 1109 1397 erat
1135 1339 1287 1409 veterum,

67 1458 146 1520 quus
171 1437 389 1518 intellegentia
410 1440 617 1519 possessionis
640 1458 677 1503 ex
700 1438 823 1519 ingenio
842 1443 964 1503 tractae
987 1438 1109 1518 deiecit,
1130 1446 1166 1503 ut
1184 1445 1287 1520 poste·

66 1548 130 1610 rior
154 1545 294 1626 quisque
314 1544 484 1625 scriptores
506 1544 546 1608 de
568 1544 676 1609 eadem
701 1562 734 1609 re
755 1546 874 1626 priores
903 1550 1070 1625 usurparet
1091 1552 1123 1608 et
1152 1545 1192 1609 ad
1221 1545 1288 1608 libi-

66 1652 176 1716 diuem
202 1649 360 1731 expilaret
381 1654 479 1731 atque
499 1652 693 1733 potissimum
716 1658 861 1715 auctores
883 1656 989 1716 aetate
1011 1654 1176 1733 proximos.
1220 1656 1289 1730 Qua

67 1757 106 1821 de
140 1772 242 1820 cansa
270 1754 369 1820 Plinio
398 1755 485 1820 licuit
512 1774 583 1821 esse
611 1762 776 1837 contento,
802 1758 827 1821 si
854 1756 1103 1838 Theophrastum
1134 1778 1170 1822 ex
1201 1756 1288 1822 libris

65 1863 287 1944 posteriorum
307 1860 365 1925 sibi
386 1861 602 1944 comparabat,
624 1862 775 1944 aquibus
797 1863 884 1927 illum
907 1881 1020 1941 magna
1042 1883 1111 1928 cum
1135 1865 1290 1929 industria

66 1974 256 2048 excerptum
290 1986 359 2032 csse
389 1968 516 2032 videbat
553 1969 677 2032 nomine
708 1968 790 2033 illius
826 1969 978 2033 uberrime
1011 1971 1050 2034 ab
1084 1972 1121 2035 iis
1152 1970 1289 2035 laudato.

69 2075 163 2153 Quae
191 2093 264 2139 cum
295 2075 340 2138 ita
367 2085 491 2155 essent,
520 2073 738 2156 Theophrasto
767 2076 959 2157 excerpendo
997 2077 1201 2157 supercellere
1231 2077 1288 2140 sihi

69 2185 172 2259 visus,
195 2185 312 2260 tamen,
332 2199 396 2262 qua
415 2182 446 2245 in
467 2181 646 2262 phytologia
673 2181 725 2244 ille
749 2188 820 2245 erat
843 2183 999 2261 grauitate
1028 2190 1060 2246 et
1088 2185 1288 2261 auctoritato,

69 2290 141 2353 eius
168 2304 282 2351 nomeu
301 2287 333 2351 in
353 2293 514 2352 auctorum
535 2286 687 2352 indicibus
709 2306 809 2368 usqne
830 2289 967 2370 principe
989 2287 1055 2351 loco
1081 2290 1185 2370 posuit
1215 2294 1289 2370 (qam

71 2395 110 2460 de
132 2412 171 2458 re
197 2392 235 2457 cl.
256 2393 427 2458 Bruanium
449 2394 468 2458 l.
490 2394 526 2474 l.‚
559 2394 670 2474 Alyum
694 2394 714 2458 l.
737 2394 773 2475 l.,
803 2414 833 2476 p.
861 2394 902 2475 7.)
935 2403 967 2460 et
998 2396 1079 2461 iuter
1107 2414 1287 2475 sermonem,

71 2501 329 2583 quotiescumque
349 2505 490 2582 potestas
513 2500 664 2581 dabatur,
687 2500 835 2565 laudavit.

159 2615 418 2719 Quandoquidem
439 2634 513 2681 veru
535 2615 743 2698 Theophrasti
766 2616 895 2681 historia
923 2616 1101 2698 plantarum
1130 2615 1168 2681 de
1198 2615 1288 2680 arbo-

71 2724 164 2788 ribus
194 2718 368 2804 peregrinis
397 2721 538 2787 aPliuio
564 2741 625 2787 nou
652 2739 781 2787 excussa
801 2729 867 2801 est,
896 2722 1072 2804 quaeritur,
1102 2722 1288 2803 quibusnam

71 2828 255 2894 auctoribus
272 2828 323 2894 bic
345 2844 422 2893 usus
443 2829 493 2893 sit.
536 2827 605 2905 Qua
627 2829 665 2893 de
686 2847 719 2893 re
740 2828 803 2892 alio
824 2829 891 2893 loco
912 2847 983 2894 mon
1004 2827 1182 2910 disputabo.
