2962 4696
689 331 729 393 43

144 489 177 560 f.
197 493 274 560 Fert
296 497 405 562 eadem
428 498 531 564 insula
556 507 589 566 et
618 505 687 588 pal·
777 504 808 575 f.
838 512 1003 572 Γίνεσθαι
1032 510 1144 576 δὲκαὶ
1173 517 1320 595 φοίνικας

100 609 170 657 mas
192 593 389 676 oleasque
411 615 447 662 ac
468 599 547 664 vites
562 609 594 666 et
615 622 686 669 cum
735 605 772 668 ἐν
801 608 842 689 τῇ
868 606 957 693 νήσῳ
987 609 1041 672 nol
1071 610 1238 692 ἀμπέλους
1256 612 1319 675 ’καὶ

99 691 222 773 reliquo
257 711 419 774 pomorum
449 716 562 779 genere
600 703 685 768 ticos.
735 695 841 770 τᾶλλα
871 706 1038 787 ἀκρόδρυα
1066 708 1121 772 καὶ
1151 713 1252 782 συκᾶς
1281 709 1319 772 od

98 788 224 889 Q
243 793 389 858 arborum
426 794 501 861 iolia
532 799 573 863 ibi
605 801 686 869 deoi-
736 807 1005 889 φυλλορροούσας.

100 906 190 988 dunt,

143 1021 185 1090 g.
227 1008 410 1089 rigaturque
446 1010 557 1091 gelidis
592 1012 688 1077 fonti.
778 1017 820 1086 g.
850 1001 934 1086 (Hoc
955 1001 1192 1084 Theophrastus
1214 1000 1315 1065 multo

98 1104 158 1169 bus
180 1112 213 1170 et
237 1107 351 1174 imbres
373 1110 497 1191 accipit.
733 1102 876 1185 pluribus
898 1102 1043 1183 exposuit
1065 1106 1098 1165 et
1119 1100 1263 1166 hocloco
1285 1103 1317 1164 et

759 1251 765 1265 .
810 1203 829 1267 l.
883 1252 891 1281 ,
931 1207 984 1282 ,6.
1121 1214 1126 1225 ’

184 1307 300 1374 Omnes
322 1309 396 1392 fere,
419 1314 471 1392 qul
495 1319 673 1395 supersunt,
695 1203 765 1392 looCi,
782 1204 927 1391 Exempli
939 1201 1092 1390 praJebent
1110 1305 1158 1369 vel
1178 1305 1318 1369 ordinem

98 1432 203 1479 rerum
225 1433 294 1480 esse
316 1419 471 1484 variatum
495 1420 543 1484 rel
560 1421 734 1485 sententias
756 1419 786 1482 in
809 1423 914 1481 artum
939 1414 1086 1479 collectas
1109 1412 1157 1480 vel
1179 1410 1319 1492 singulas
1441 1488 1451 1505 ,

67 1540 151 1586 ·res
183 1522 289 1602 plures
324 1525 525 1604 paucioresve
557 1525 720 1589 libidinose
749 1523 881 1587 omissas
915 1522 981 1586 sive
1012 1518 1149 1583 additas.
1198 1517 1318 1595 Quibus

98 1628 245 1692 omnibus
266 1628 341 1693 locis
364 1630 423 1694 iarn
445 1630 577 1697 efficitur
599 1631 741 1696 Erosium
764 1647 783 1693 a
804 1633 913 1692 nostro
937 1645 997 1690 non
1020 1629 1206 1706 usurpatum
1229 1641 1318 1704 esse;

99 1735 294 1814 quinetiam
330 1735 514 1817 compluries
545 1737 629 1802 illurn
663 1754 702 1800 ne
734 1736 845 1803 lectum
877 1732 1003 1815 quidem
1035 1749 1104 1795 esse
1131 1728 1317 1812 apparebat.

98 1840 185 1904 Idem
216 1858 299 1905 nnnc
330 1841 488 1907 inanimo
517 1848 566 1908 est
598 1842 733 1925 probare
767 1845 950 1922 argumento
983 1856 1081 1915 novo,
1109 1837 1211 1901 altera
1237 1835 1318 1900 serie
1357 1884 1360 1909 ,

98 1945 237 2011 locorum
259 1947 341 2011 nixo.
385 1947 447 2012 Sed
471 1946 532 2012 iain
555 1950 607 2027 iis,
632 1966 711 2031 quos
731 1947 942 2029 produximus,
964 1945 1039 2010 locis
1058 1943 1215 2008 interdum
1238 1941 1318 2006 acci·

99 2051 164 2130 dit,
192 2056 228 2116 66
248 2052 369 2118 Plinius
392 2072 461 2117 curn
483 2053 701 2135 Theophrasto
731 2057 799 2116 tum
821 2052 921 2133 levius
949 2048 1093 2130 (661111,
1117 2053 1168 2127 33,
1186 2051 1234 2126 38,
1260 2049 1315 2127 39;

97 2157 187 2238 XIlI,
209 2161 258 2237 62,
281 2159 333 2240 65)
356 2164 421 2224 tum
444 2162 570 2239 gravius
600 2159 740 2242 (clxii,
761 2163 808 2238 16,
831 2161 881 2236 15,
909 2160 983 2231 106;
1013 2155 1100 2234 XllI,
1123 2158 1172 2234 66,
1193 2156 1243 2234 57,
1265 2155 1315 2232 58,

99 2263 152 2344 etl)
169 2264 369 2347 discreparet,
391 2266 618 2347 discrepantiae
633 2266 790 2330 mentione
808 2282 869 2328 uon
886 2261 1003 2326 habita.
1035 2261 1172 2342 Speciem
1186 2258 1316 2340 praebet

96 2369 219 2433 Plinius
230 2372 320 2450 quasi
336 2373 493 2436 meliorem
506 2372 691 2437 sententiam
712 2370 838 2436 aliunde
848 2370 988 2434 hauserit
1000 2372 1097 2448 atque
1110 2383 1178 2431 curn
1191 2365 1316 2429 silentio

98 2494 165 2539 rem
186 2477 368 2541 correxerit.
411 2478 548 2543 Primum
572 2478 699 2561 quidem
722 2488 831 2558 repeto
853 2493 936 2557 quae
958 2473 1159 2554 supradicta
1180 2471 1315 2536 suntde

97 2579 175 2646 locis
203 2582 418 2665 amplificatis,
456 2602 536 2664 quae
564 2585 710 2648 nimirum
741 2582 851 2647 eodem
880 2583 948 2646 iure
980 2582 1040 2645 huo
1066 2579 1199 2644 cadunt:
1230 2595 1314 2641 eom-

97 2685 230 2767 plurium
253 2696 414 2754 auctorum
436 2691 672 2771 usurpationem
696 2695 728 2754 et
750 2689 950 2754 conexionem
974 2699 1052 2751 cum·
1065 2690 1173 2766 tanta,
1195 2688 1314 2764 quauta

98 2792 237 2877 undique
256 2794 369 2875 elucet,
391 2795 554 2877 scriptoris
569 2795 772 2860 festinatione
790 2795 842 2857 vix
859 2793 1003 2874 coniungi
1018 2792 1156 2873 potuisse
1174 2807 1231 2853 nec
1245 2788 1313 2853 ideo

99 2903 208 2964 nostro
227 2900 320 2964 tribui
332 2919 433 2981 posse.
457 2902 576 2966 Deinde
590 2909 695 2967 autern
711 2902 743 2965 in
758 2900 970 2982 discrepantia
983 2899 1117 2964 fontium
1135 2916 1193 2977 per
1210 2902 1313 2960 toturn

99 3021 177 3085 opus
200 3008 398 3072 consuetudo
429 3016 477 3073 est
498 3015 625 3088 nostro,
653 3014 689 3073 ut
710 3013 767 3072 aut
789 3014 952 3071 auctomm
976 3006 1149 3070 sententias
1171 3002 1312 3067 diversas

97 3111 186 3175 iuxta
204 3119 344 3192 enarret,
364 3120 422 3179 aut
440 3116 467 3179 si
488 3115 568 3180 alius
587 3134 643 3197 per
664 3115 758 3180 alium
779 3115 956 3194 corrigitur,
974 3118 1008 3178 et
1025 3112 1134 3177 falsam
1158 3118 1190 3175 et
1209 3128 1312 3173 veram
1428 3114 1431 3125 ’

97 3222 286 3285 sententiam
309 3222 390 3287 ierat
419 3242 511 3304 saepe
543 3242 605 3287 non
628 3224 695 3288 siue
726 3240 839 3302 magna
869 3221 1100 3303 contemptione
1129 3216 1311 3283 errantium.

95 3325 131 3391 ld
161 3329 247 3392 nullo
269 3329 336 3394 loco
359 3349 465 3395 eorum
488 3350 565 3412 quos
587 3330 693 3395 monui
722 3346 863 3410 quosque
886 3328 978 3393 modo
1000 3327 1168 3407 adiungam
1190 3323 1310 3389 accidit.

98 3434 240 3523 Denique
269 3435 498 3517 discrepantias
529 3445 687 3520 nostrum,
715 3441 741 3503 si
770 3440 863 3503 modo
886 3437 1132 3519 Theophrastum
1164 3435 1311 3512 excussit,

97 3547 227 3621 propter
258 3542 357 3606 sulam
388 3546 617 3625 neglegentiam
645 3547 846 3627 praeteriisse
876 3564 936 3609 non
974 3547 1140 3626 accipitur,
1179 3561 1311 3624 quarum

97 3649 263 3713 nonnullae
285 3668 325 3713 ne
342 3668 494 3715 summam
518 3653 641 3733 quidem
664 3654 895 3734 neglegentiam
917 3654 1016 3718 latere
1037 3660 1196 3734 poterant.

177 3755 241 3821 Sed
262 3757 413 3838 exempla,
437 3775 517 3839 quae
539 3777 609 3823 sum
630 3760 797 3840 pollicitus,
821 3760 967 3841 deinceps
987 3759 1159 3839 producam
1181 3777 1217 3822 oo
1239 3776 1310 3824 con·

96 3859 167 3923 silio
196 3861 328 3942 ductus,
365 3871 448 3928 uta
482 3863 700 3947 discrepantiis
733 3866 899 3932 levioribus
935 3866 974 3930 ad
1004 3865 1208 3949 gravissimas
1236 3886 1309 3949 pro-

95 3966 230 4047 grediar.
