2962 4696
631 289 760 350 .35

132 457 307 542 στενότητι
326 461 392 523 τῶν
419 461 550 544 φύλλων
578 465 645 537 τοῖς
673 466 732 528 τοῦ
756 468 922 544 κρίνον,
952 461 1060 527 πολλοὶ
1088 462 1127 524 δὲ
1156 461 1211 526 καὶ
1241 461 1350 527 πυκνοὶ

127 585 186 647 ἐπ’
216 583 366 668 άλλήλοις
400 583 528 667 φύεται.
585 585 633 650 Ex
668 585 751 651 Plini
787 586 899 668 ‘labae'
930 585 1048 652 eonioio
1081 603 1101 650 a
1132 584 1350 667 Theophrasto

128 691 283 773 seriptum
308 691 403 757 luisse
425 691 552 774 κυάμου
575 709 631 757 neo
655 692 785 758 multum
814 699 889 759 tune
913 693 1064 775 temporIs
1084 693 1166 757 inter
1181 709 1215 757 se
1234 692 1351 757 discre-

126 801 254 879 pabant
274 797 424 863 lectiones
445 803 617 863 KPINOI'
637 803 669 863 et
691 803 886 867 KI'AMOY.

156 898 159 903 ’
217 904 286 969 ΑΙίο
312 903 393 972 Ιοοο
412 922 473 968 non
501 904 546 969 ita
574 905 677 968 aliena
705 910 754 969 est
783 905 888 987 opinio
909 908 940 971 in
963 902 1179 996 Theophrasto
1209 904 1351 970 lacunam
1476 882 1479 887 ⁸

129 1009 336 1092 supplendam
360 1027 429 1074 esse
451 1029 469 1074 e
491 1009 610 1091 Plinio,
644 1011 695 1074 ubi
718 1012 795 1076 haee
816 1012 977 1092 leguntur:

235 1115 312 1180 Plin.
335 1134 367 1182 n.
390 1115 420 1181 h.
442 1117 529 1195 XIII,
551 1121 618 1181 129.
808 1117 964 1200 Theophr.
989 1117 1021 1183 O.
1043 1118 1085 1200 pl.
1106 1118 1147 1199 II,
1167 1121 1214 1204 17,
1234 1117 1304 1203 3¹).

66 1278 69 1287 ,
128 1214 206 1280 Non
240 1214 447 1280 omittendum
486 1223 535 1280 est
566 1220 599 1279 et
631 1217 718 1299 quod
768 1207 929 1284 ...οἷον
950 1217 988 1282 τά
1011 1217 1087 1301 περὶ
1106 1216 1293 1299 Βαβυλῶνα
1312 1218 1354 1300 τῇ

82 1326 86 1333 ·
130 1312 294 1394 Babylone
316 1316 434 1378 serItur
450 1314 482 1378 in
505 1315 611 1397 spinis,
635 1333 718 1397 quo·
766 1315 902 1401 άκάνθῃ
938 1315 1014 1398 περὶ
1054 1314 1093 1389 τά
1129 1311 1254 1398 ἄστρον
1286 1315 1354 1379 ἐπι-

130 1413 460 1479 niomnonaliuhi
482 1413 591 1493 vivit,
616 1413 719 1478 siout
768 1414 988 1499 σπειράμενόν
1025 1433 1128 1498 φασιν
1161 1412 1355 1498 οάθήμερον

131 1515 171 1575 et
194 1511 339 1576 visuum
356 1512 392 1576 in
412 1510 632 1591 arboribus,
652 1510 718 1577 sed
768 1514 1034 1597 άνοβλοστάνοον
1066 1513 1120 1576 καὶ
1154 1512 1238 1593 τοχο*
1267 1534 1355 1595 περι·

71 1700 74 1705 ι
131 1608 232 1675 illud
251 1610 285 1673 ln
304 1610 419 1690 spina
436 1614 600 1688 tantum,
625 1629 721 1692 quae
769 1612 1026 1696 λαμβάνεινκαὶ
1048 1613 1109 1696 τήν
1132 1611 1289 1676 άκάνθον

132 1710 244 1791 regia
273 1713 447 1774 vocatur.
493 1709 605 1774 Mirum
637 1711 721 1792 quod

131 1809 242 1874 eodem
265 1797 509 1889 die'germinat
540 1827 603 1890 quo
631 1810 724 1875 inire-

132 1915 202 1974 tum
230 1911 280 1972 est
305 1942 345 1952 -
372 1907 499 1972 inicitur
527 1912 633 1970 autern
656 1907 724 1989 ipso

132 2007 223 2072 oanis
253 2011 324 2071 ortu
355 2041 394 2052 -
424 2012 456 2070 et
485 2006 643 2071 celerrime
673 2025 722 2073 ar-

132 2107 243 2172 borem
270 2111 410 2188 occupat,
457 2105 650 2171 Condiani
679 2125 723 2171 eo

132 2206 228 2271 uiua
257 2209 294 2269 et
316 2205 401 2270 ideo
424 2210 569 2270 serunt.
609 2206 724 2287 Spina

131 2303 210 2370 illa
238 2304 415 2368 nascitur
443 2309 479 2368 et
501 2302 662 2370 AthenIs
685 2304 723 2368 in

132 2404 267 2485 longis
288 2403 421 2468 muris.

190 2510 354 2592 'StIrpem
382 2508 463 2575 hano
485 2509 618 2575 Athenis
648 2510 734 2576 nasei
762 2510 846 2592 apud
867 2510 1117 2594 Theophrastum
1150 2510 1355 2593 desideratur,

136 2634 319 2699 quanquam
345 2617 372 2680 Is
402 2616 532 2680 Athonis
562 2616 736 2681 habitabat.
786 2616 829 2680 Et
857 2618 992 2682 fortasse
1020 2617 1173 2699 quispiam
1204 2634 1355 2699 praepro-

136 2742 212 2806 pere
234 2727 358 2788 statuet
385 2721 526 2787 lacunam
550 2720 761 2803 Theophrasti
784 2721 968 2804 explendam
990 2743 1007 2789 e
1029 2722 1139 2788 Plinio.
1183 2725 1225 2787 At
1253 2742 1292 2813 ne
1321 2723 1353 2788 id

73 2878 77 2909 ,
137 2830 261 2914 quidem
286 2826 523 2909 Theophrastus
545 2827 641 2893 habet
669 2828 812 2894 nonnisi
839 2829 870 2892 in
901 2831 991 2912 spina
1020 2830 1107 2910 regia
1129 2847 1198 2894 earn
1222 2830 1353 2911 stirpem

66 2936 69 2941 '
138 2936 240 3017 gigni,
268 2952 448 3016 quanquam
478 2934 557 2998 hano
579 2934 663 2998 haud
694 2935 817 3014 ignorat
847 2935 899 3015 (of.
922 2936 955 3002 O.
979 2935 1020 3017 pl.
1043 2937 1067 3017 Ι,
1088 2941 1133 3018 10,
1152 2939 1188 2998 5:
1218 2929 1355 2997 άκονθα

136 3040 310 3124 βασιλική).
353 3039 532 3122 Utrumque
554 3057 627 3103 vero
650 3057 706 3105 our
728 3040 978 3123 Theophrastum
1002 3040 1137 3120 deficiat,
1156 3040 1354 3120 intellegitur

137 3147 239 3214 uerbis
259 3147 358 3213 Plini:
389 3145 558 3212 ‘condiunt
586 3163 624 3210 eo
656 3146 728 3209 vina
760 3152 791 3210 et
820 3146 889 3213 ideo
920 3148 1048 3214 serunt'.
1099 3147 1130 3213 Is
1153 3164 1230 3213 usus
1253 3146 1355 3210 Theo-

66 3252 79 3263 “
139 3253 268 3335 phrasto
299 3254 423 3334 ignotus
453 3251 512 3317 iuit
545 3270 656 3332 eoque,
688 3253 772 3334 quod
802 3253 830 3319 is
860 3254 891 3317 in
923 3253 1086 3320 Graeciam
1119 3253 1265 3320 inductus
1296 3257 1356 3333 est,

139 3359 281 3426 effaetum
313 3346 379 3438 est,
413 3364 451 3423 ut
480 3358 590 3441 planta
613 3357 755 3424 Athenas
784 3361 969 3441 procederet
991 3397 1029 3406 -
1052 3365 1089 3425 ut
1117 3359 1257 3439 videtur,
1285 3364 1357 3441 post

69 3484 72 3489 ·
139 3471 280 3549 tempora
306 3465 417 3530 liresii.

219 3575 286 3639 Alio
304 3573 372 3638 loeo
384 3568 635 3660 Theophrastum
652 3589 668 3634 e
689 3569 789 3635 Plinio
804 3572 951 3653 supplere
968 3578 1111 3637 vetamur
1128 3572 1224 3653 ipsius
1242 3570 1355 3635 verbis.

196 3678 274 3745 Plin.
297 3691 334 3743 n.'
351 3678 380 3742 h.
402 3677 473 3757 XII,
496 3679 666 3740 104—106.
898 3677 1054 3760 Theophr.
1077 3677 1132 3757 IX,
1155 3683 1182 3756 7,
1206 3682 1232 3742 1.

139 3777 285 3843 Calamus
326 3794 450 3860 quoquo
488 3775 642 3840 adoratus
685 3775 723 3839 in
770 3775 802 3841 ‘0
833 3777 872 3840 δέ
903 3776 1046 3858 κάλαμος
1084 3780 1206 3857 γίνεται
1245 3777 1299 3839 καὶ
1338 3776 1357 3838 ὁ

84 3886 87 3891 ’
137 3874 721 3965 Arabianuscitur‚communis
772 3877 900 3955 σχοῖνος
940 3875 1241 3958 ὑπερβάλλοντι
1288 3875 1358 3938 τὸν

208 4107 235 4176 1)
250 4107 324 4162 Num
344 4109 409 4162 libri
430 4109 464 4163 de
481 4108 570 4164 earinis
589 4106 748 4178 plantarum
766 4106 856 4161 Plinio
875 4107 934 4160 noti
952 4106 1065 4170 inerint,
1083 4106 1155 4162 inira
1176 4107 1322 4162 videbitur.

1122 4223 1162 4277 3*
