2962 4696
667 320 706 380 25

32 518 36 523 ·
69 490 306 574 ineptissimum
332 509 468 557 errorem
489 493 568 556 Plini
589 498 685 558 notat
706 490 876 557 Schneider
903 492 941 573 (t.
957 492 1013 570 ill,
1041 507 1071 570 p.
1091 484 1183 567 315),
1212 487 1294 569 quod

67 597 95 662 is
141 598 239 662 verbis
273 596 373 663 fontis
410 598 521 671 leviter
552 600 710 680 percursis
737 599 851 679 legerit
882 597 963 662 male
1002 596 1038 660 ἐν
1066 598 1201 679 Σπανίᾳ
1231 616 1297 658 ace.

60 704 168 781 Quod
205 704 346 784 quamvis
383 706 581 786 perspicuum
621 707 681 786 sit,
717 704 810 769 aliter
848 703 965 768 iudicat
999 700 1215 782 Gutscbmidt,
1253 699 1297 782 (iu

63 827 154 874 ann.
175 809 282 891 philol.
303 810 405 890 suppl.
427 811 474 892 ΙΙ,
504 831 533 892 p.
557 817 614 876 183
633 831 684 894 qu.
703 810 786 894 sqq.)
814 811 865 893 qui
887 828 945 891 pro
965 808 1137 890 ,llispania'
1168 806 1299 871 coniecit

62 915 274 997 ,Cispadane
295 922 421 998 praeter
445 917 695 999 Theophrastum
725 918 826 982 altero
849 933 973 998 quoque
1001 914 1058 978 boc
1080 913 1148 977 loco
1169 918 1316 977 auctore.

62 1009 180 1085 usum*
204 1040 274 1087 esse
302 1022 436 1087 Plinium
469 1030 574 1105 ratuS,
606 1042 696 1105 quem
725 1024 870 1105 opinatur
900 1022 1047 1101 Trogum.
1096 1020 1196 1085 Aliter
1227 1037 1299 1083 vero

63 1125 262 1193 Theodorus
285 1128 353 1193 Birt
375 1128 407 1208 (l.
429 1130 449 1193 l.
469 1149 500 1210 p.
520 1131 591 1212 138)
620 1131 673 1213 qui
695 1131 827 1210 primum
855 1128 979 1211 quidem
1001 1145 1120 1192 summa
1146 1140 1214 1190 eum
1238 1125 1301 1188 evi·

63 1231 188 1298 dentia
209 1235 275 1299 veri
303 1237 395 1300 nixus
425 1241 514 1300 textu
539 1236 775 1318 Theophrasteo
804 1235 909 1299 verbis
939 1251 1007 1315 ,nee
1030 1283 1037 1299 .
1062 1283 1069 1298 .
1095 1231 1301 1312 ‚augescere’

64 1338 116 1401 ad
148 1343 365 1406 antecedentes
388 1345 497 1407 tractis
513 1343 640 1408 scribit:
660 1361 728 1423 ,nec
748 1343 890 1423 potuisse
916 1390 922 1402 .
949 1391 955 1405 .
979 1390 986 1404 .
1009 1357 1176 1420 turgescere
1193 1338 1300 1402 aiunt.

68 1442 150 1510 Sed
167 1448 248 1528 quod
268 1450 373 1529 pergit
394 1450 591 1514 emendando
607 1449 770 1531 ,Spanias’‚
790 1466 838 1527 ea,
859 1448 885 1512 si
905 1454 991 1511 recte
1010 1445 1167 1526 intellego,
1190 1444 1301 1508 ductus

68 1554 252 1633 sententia,
275 1561 311 1619 ut
327 1555 484 1620 existimet
496 1556 630 1621 Plinium
645 1548 850 1636 Theophrasti
869 1573 975 1619 vocem
995 1557 1143 1617 σπανίαν
1155 1550 1301 1615 habuisse

66 1671 147 1732 pro
157 1661 276 1724 nomine
286 1661 423 1742 proprie,
446 1662 477 1726 id
500 1670 549 1726 est
568 1680 625 1743 pro
648 1663 775 1726 nomine,
793 1662 917 1742 generis
938 1659 1096 1724 cuiusdam
1110 1659 1301 1740 plantarum,

66 1759 103 1822 Vi
130 1767 213 1831 uocis
232 1767 313 1832 male
328 1767 499 1848 intellecta,
520 1768 551 1832 id
573 1769 657 1849 quod
679 1768 834 1832 interdum
857 1768 955 1831 Plinio
977 1766 1089 1831 accidit
1108 1764 1301 1845 —quamvis
1398 1824 1401 1829 .

64 1873 285 1948 sagacissime
304 1874 334 1936 id
357 1874 400 1937 sit
420 1875 647 1954 excogitatum,
668 1873 752 1938 haud
775 1874 840 1937 scio
859 1892 899 1937 au
923 1872 1099 1937 necessaria
1119 1890 1179 1934 non
1202 1871 1245 1933 sit
1265 1887 1303 1933 ea

62 1979 270 2043 emendatio.
314 1979 390 2043 Mihi
413 1979 537 2061 quidem
557 1979 702 2044 videntur
722 1979 753 2043 in
776 1979 856 2042 Plini
878 1981 963 2043 tonte
984 1997 1034 2042 res
1056 1997 1117 2040 oon
1140 1979 1185 2040 ita
1206 1975 1302 2039 fuisse

61 2091 250 2149 enarratae
271 2091 305 2150 ut
328 2087 360 2150 in
381 2086 606 2167 Theophrasto,
629 2085 683 2149 sed
705 2104 740 2151 eo
758 2085 944 2164 ordineque
962 2085 1029 2164 ipse
1052 2084 1151 2147 utitur·
1169 2083 1302 2161 scriptor

60 2194 202 2254 noster.
247 2191 325 2254 Nam
348 2210 411 2272 qua
434 2200 506 2256 erat
527 2191 741 2270 festinatione,
763 2192 816 2253 vix
838 2190 977 2269 intellegi
1000 2198 1117 2270 potest,
1140 2206 1195 2252 cur
1220 2188 1302 2250 hune

59 2282 186 2359 lOCum
201 2296 247 2361 ita
258 2301 390 2377 novarit,
409 2300 522 2379 quippe
535 2306 567 2362 et
580 2301 692 2361 ceteris
708 2296 802 2361 rebus
818 2297 880 2360 alio
892 2298 1026 2378 quodam
1039 2297 1129 2360 modo
1145 2293 1301 2358 enarratis

57 2394 181 2478 atque
198 2403 281 2483 apud
303 2405 560 2484 Theophrastum.
603 2403 689 2468 Haec
708 2405 890 2469 testimonia
908 2403 1124 2484 neglegentiae
1140 2400 1302 2464 Plinianae

56 2497 100 2556 et
140 2509 204 2588 ipsa
223 2518 338 2592 urgent
367 2518 486 2576 textum
509 2513 645 2577 auctoris
675 2530 694 2575 a
717 2512 933 2593 Theophrasto
965 2506 1181 2590 aliquomodo
1211 2505 1298 2568 aber·

58 2615 217 2681 fantem.
269 2617 434 2682 Volumina
464 2618 689 2705 Theophrasti,
727 2637 808 2699 quae
837 2622 944 2682 nostro
971 2617 1002 2680 in
1033 2614 1176 2678 manibus
1201 2616 1301 2690 crant,

61 2707 165 2784 adeo
194 2723 291 2788 luisse
321 2725 495 2805 depravata
530 2732 562 2788 et
592 2745 611 2788 a
646 2726 763 2789 nostris
800 2726 925 2788 diversa
955 2740 1044 2787 nemo
1085 2737 1162 2785 sana
1199 2722 1301 2781 mente

64 2829 279 2898 uraetencet.

150 2967 229 3033 'Sed
253 2975 451 3035 transeamus
472 2975 512 3035 ad
534 2973 668 3036 alterum
692 2972 731 3037 de
753 2974 882 3052 platano
905 2970 1016 3049 locum,
1037 2967 1090 3049 qui
1112 2985 1179 3030 cunr
1204 2964 1303 3027 Theo

82 3060 215 3145 Phrasto
236 3075 406 3142 cohaerere
428 3077 564 3143 videtur.

171 3268 180 3273 .
203 3205 283 3271 Pliu.
306 3226 336 3271 n.
359 3208 389 3272 h.
410 3208 482 3289 Xll,
503 3216 549 3274 ll.
809 3205 962 3287 Theopbr.
985 3206 1014 3267 h.
1037 3203 1077 3284 pl.
1101 3204 1129 3279 l,
1146 3207 1175 3278 9,
1190 3209 1218 3264 5.

17 3375 23 3388 .
96 3316 147 3387 Est
176 3325 339 3406 Gortynac
377 3326 408 3388 in
441 3327 541 3390 insula
574 3326 669 3390 Creta
715 3326 767 3388 ’Ec
786 3321 896 3411 Κρήτῃ
923 3323 960 3385 δὲ
986 3323 1112 3403 λέγεται
1133 3316 1307 3404 πλάτανός

95 3424 174 3489 iuxta
202 3425 321 3490 fontem
350 3426 498 3507 platanus
531 3446 593 3491 una
623 3427 671 3489 in·
719 3449 792 3489 τινα
812 3417 897 3488 εἶναι
914 3427 950 3488 ἐν
964 3428 1004 3509 τῇ
1022 3431 1052 3488 Γ
1051 3419 1206 3506 cosvccia
1222 3421 1305 3502 πρὸς

93 3526 184 3606 signis
218 3526 381 3606 ulliusque
418 3526 544 3606 linguae
574 3528 671 3590 moni·
720 3531 807 3611 πηγῇ
840 3550 919 3607 τινι,
961 3524 981 3611 ἢ
1019 3524 1059 3589 ου’
1102 3522 1303 3606 marl-doliolis?

89 3614 208 3708 me‘ntis,
226 3627 483 3708 numquamfolia
499 3628 668 3707 dimittens
718 3628 938 3708 μυθολογοῦσι
965 3626 1018 3704 δὲ,
1049 3623 1090 3697 ὠς
1111 3623 1179 3687 ὑπὸ
1201 3619 1305 3703 ταύτῃ

87 3728 255 3808 statimque
274 3728 300 3791 ei
318 3727 468 3792 Graeciae
483 3726 667 3791 fabulositas
718 3729 811 3810 ἐμίγη
839 3730 880 3808 τῇ
900 3723 1048 3808 Εὐρώπῃ
1074 3725 1091 3786 ὁ
1114 3721 1204 3794 Ζεύς·
1247 3722 1306 3796 τοὶς

85 3827 242 3907 superfuit
284 3828 386 3890 lovem
426 3825 485 3889 sub
524 3844 562 3889 ea
597 3844 666 3890 cum
718 3827 757 3889 δὲ
779 3826 921 3908 πλησίας
947 3823 1060 3897 πάσας
1082 3822 1304 3906 φυλλοβολεϊν·

82 3929 214 4006 Europa
248 3925 465 4006 concubuisse,
503 3943 560 3989 ceu
594 3943 667 3988 vero
758 3925 815 3988 ’Er
836 3926 878 3987 δὲ
895 3923 1066 4005 Συβάρει
1085 3922 1178 4002 δρῦς
1199 3922 1306 3984 ἐστιν

82 4044 145 4093 non
176 4024 239 4088 alia
268 4025 404 4089 eiusdem
431 4024 556 4105 generis
584 4028 671 4092 esset,
758 4024 1001 4096 εὐσύνοπτος
1016 4024 1055 4086 ἐκ
1068 4018 1305 4105 τῆςπόλεως,

81 4134 113 4197 in
138 4128 251 4209 Cypro.
294 4128 354 4192 Sed
386 4124 666 4204 exeaprimum
759 4122 778 4211 ἢ
807 4121 1149 4207 ου’φυλλοβολεῖ·
1202 4122 1306 4203 φασὶ
