2962 4696
641 284 681 344 62

687 461 724 522 δὲ
741 453 798 542 τῆς
813 460 998 540 κισσηρίδος
1013 456 1114 533 οὕτως
1129 458 1267 541 ἰσχυράν

683 548 768 620 εἶναι
793 556 950 638 δύναμιν,
977 554 1054 621 ὥστ’
1072 556 1133 619 ἐάν
1153 581 1200 632 τις
1223 556 1268 631 εἰς

685 659 791 718 πίθον
829 659 941 734 ζέοντα
980 655 1096 739 (οἴνου)
1139 657 1267 740 ἐμβάλῃ

684 753 804 820 παύειν
842 756 902 840 τήν
940 760 1027 833 ζέσιν
1060 755 1105 818 orl
1145 780 1267 839 παρα-

682 859 817 940 χρῆμα
865 854 992 936 μόνον
1044 856 1147 920 ἅλλοὶ
1199 857 1268 918 καὶ

684 950 782 1026 ὅλως
809 954 1200 1038 καταξηραίνονσάν
1226 977 1268 1016 τε

684 1052 800 1135 δῆλον
819 1047 878 1115 ὅτι
895 1053 957 1116 καὶ
975 1054 1268 1138 α’ναδεχομένην

684 1152 728 1214 τό
761 1155 925 1233 πνεῦμα
953 1154 1018 1215 καὶ
1049 1155 1170 1215 τοῦτο
1197 1153 1268 1216 διϊ-

685 1254 813 1315 εῖσαν.
865 1240 991 1324 Οὗτος
1020 1255 1094 1333 μὲν
1124 1242 1194 1315 οὖν
1222 1251 1269 1314 τό

683 1370 724 1428 γε
755 1349 914 1436 πλῆθος
946 1348 1073 1434 ταύτῃ
1102 1355 1147 1433 τῇ
1183 1354 1269 1433 βοη-

120 1521 121 1527 ¹
684 1452 783 1532 θείᾳ
813 1456 1022 1529 κατέσχεν.

139 1572 283 1647 Pluribus
295 1572 417 1636 Plinius
439 1570 599 1636 aberravit
620 1588 640 1633 a
658 1571 882 1652 Theophrasto.
925 1573 1061 1637 Primum
1082 1571 1165 1654 apud
1185 1571 1269 1636 illurn

14 1700 28 1757 ἡ
55 1699 117 1745 nou
146 1698 248 1745 sermo
277 1684 326 1743 cst
352 1678 392 1742 de
420 1677 589 1742 certamine
619 1676 745 1742 bibendi
772 1678 937 1759 universo,
966 1679 1021 1744 sed
1050 1684 1200 1742 narratur
1228 1677 1269 1741 ab

54 1786 178 1851 homine
195 1784 330 1866 quodam
351 1782 520 1865 aliquando
539 1800 683 1862 magnam
700 1783 760 1847 vim
783 1782 933 1848 hellebori
951 1789 1165 1864 consumptam
1188 1801 1271 1859 esse;

57 1902 123 1957 turn
142 1894 168 1956 is
185 1891 349 1973 pumicem,
368 1908 428 1953 non
442 1894 610 1970 antequam
627 1889 756 1970 biberet,
781 1892 923 1970 sumpsit,
945 1891 998 1954 sed
1016 1897 1087 1972 post
1105 1892 1276 1971 septimum.

57 2005 165 2080 potum
196 1997 392 2078 saepiusque.
438 1996 481 2060 Et
510 1995 655 2061 deliciunt
681 2002 821 2060 nostrum
851 1998 1047 2073 accuratiora
1076 1996 1114 2060 dc
1142 1995 1270 2062 hac're.

58 2104 201 2185 Denique
220 2104 251 2166 in
266 2101 483 2183 Theophrasto
498 2103 703 2181 requiruntur
717 2101 813 2167 verba
835 2100 942 2168 huius:
964 2103 1028 2184 ,sed
1048 2103 1107 2167 ulsi
1128 2104 1287 2185 universo·

56 2216 132 2292 potu
154 2210 359 2291 impleantur,
380 2207 570 2289 periclitari'.

140 2332 228 2396 Haec
249 2330 407 2396 sufficiant
428 2330 579 2412 exempla,
601 2331 712 2412 quibus
732 2330 884 2411 probetur
903 2349 943 2394 ne
958 2349 1012 2395 eos
1032 2331 1156 2412 quidam
1179 2333 1272 2416 locos,

57 2438 171 2521 quibus
193 2437 343 2503 laudatur
365 2454 476 2500 nomeu
498 2436 724 2518 Theophrasti,
748 2437 788 2501 ab
810 2437 877 2518 ipso
898 2437 996 2501 Plinio
1019 2455 1087 2504 esse
1107 2441 1271 2523 inspectos,

58 2545 111 2610 secl
133 2562 190 2626 per
212 2544 345 2609 medium
367 2542 522 2622 quendam
545 2548 703 2608 auctorem
720 2549 858 2625 apertos,
880 2563 919 2609 ex
933 2564 993 2626 quo
1009 2552 1134 2612 auctore
1146 2548 1272 2629 saepius

58 2668 232 2716 sermonem
263 2649 467 2716 contrahente
495 2649 544 2714 vel
575 2650 751 2730 corrigente
785 2650 834 2715 vel
863 2650 971 2716 dubito
999 2670 1040 2716 aa
1070 2653 1171 2729 minus
1202 2653 1273 2717 dili-

57 2763 183 2838 genter,
206 2774 286 2839 quae
309 2755 544 2838 Theophrastus
566 2757 733 2836 sensisset,
759 2762 947 2839 exponente,
977 2758 1050 2839 quin
1072 2764 1179 2824 noster
1202 2777 1272 2824 sen-

57 2861 268 2929 teutIasillius
289 2863 429 2943 integras
448 2861 603 2942 hauriret,
624 2861 692 2927 fieri
708 2863 759 2925 vix
775 2863 887 2943 potuit.
925 2862 1006 2927 Hinc
1026 2865 1085 2928 iam
1102 2882 1165 2929 non
1184 2865 1272 2946 igno-

56 2969 153 3052 rabis,
174 2968 248 3051 quid
270 2968 469 3034 iudicandum
489 2967 527 3033 de
542 2967 590 3032 his
602 2966 681 3032 Plini
699 2968 802 3033 verbis
821 2969 915 3050 (XIX,
937 2969 1007 3053 32):
1028 2968 1272 3051 tTheophrastus

56 3079 293 3143 auctorest..
315 3123 322 3140 .
366 3075 427 3142 Sed
449 3091 549 3156 neque
572 3123 580 3139 .
603 3122 611 3138 .
632 3123 640 3139 .
663 3092 763 3155 neque
785 3126 791 3139 .
813 3123 820 3138 .
843 3125 850 3140 .
872 3075 903 3138 ln
926 3076 1166 3157 exemplaribus,
1190 3094 1272 3159 quae

57 3181 201 3265 equidem
221 3181 405 3263 invenerim,
441 3180 569 3247 tradit.
593 3230 599 3247 .
690 3179 801 3245 Nonne
822 3180 919 3264 idern,
951 3182 1033 3265 quod
1060 3183 1098 3248 de
1120 3183 1202 3263 VIII,
1221 3189 1271 3265 44,

56 3287 113 3355 nbi
134 3287 175 3354 de
195 3288 364 3355 Aristotele
385 3287 499 3353 similla
519 3287 569 3352 hic
589 3284 780 3368 profitetur?

140 3409 287 3478 Ceterum
314 3414 400 3476 totua
419 3410 472 3475 ille
499 3409 603 3490 locus,
633 3427 693 3490 quo
713 3396 762 3473 'de
790 3415 899 3490 sparto
930 3427 1030 3476 sermo
1059 3416 1122 3491 est,
1152 3412 1296 3494 a5261

55 3516 129 3587 noo
150 3517 191 3583 erl
211 3518 253 3581 33
273 3516 406 3599 speciem
429 3515 562 3597 praebet
584 3515 696 3580 bonam
723 3517 756 3579 et
777 3532 858 3594 eam,
887 3516 978 3597 quasi
999 3535 1036 3581 ex
1057 3534 1119 3582 uno
1142 3523 1273 3583 auctore

52 3622 192 3693 haustus
212 3622 265 3689 rit
306 3622 409 3688 Kuelb
424 3626 531 3687 mouet
542 3626 684 3703 spartum
699 3637 719 3684 a
732 3619 948 3702 Theophrasto
964 3624 1197 3687 commemorari
1216 3623 1273 3687 sed

44 3728 210 3816 nomlnm'
228 3726 449 3812 λνόσπαρτων
470 3728 521 3809 (cl.
544 3728 568 3809 l,
584 3729 614 3808 5,
626 3726 668 3808 2).
710 3724 771 3791 Sed
793 3744 861 3792 cum
881 3727 926 3791 nil
948 3727 1088 3792 additum
1112 3728 1274 3810 sitneque

36 3834 110 3915 rill⁰
127 3834 204 3917 Ιοω
231 3834 296 3903 allo
318 3834 488 3919 quidquam
512 3832 551 3899 de
570 3832 625 3898 illo
648 3836 761 3914 exstet,
783 3850 835 3897 res
857 3833 980 3899 videtur
998 3834 1089 3899 nimis
1111 3832 1219 3899 dubia.

24 3956 27 3961 ⁵
114 3968 233 4063 anl
259 3965 359 4048 igitar
383 3963 465 4028 ratio
491 3962 575 4029 inter
594 3960 729 4027 Plinium
759 3966 792 4026 et
812 3961 1060 4044 Theophrastum
1090 3964 1275 4042 intercedat,
1338 4007 1342 4013 -

10 4129 17 4149 ,-
89 4072 355 4181 cumbrorum
384 4068 570 4150 Auctorem,
601 4068 702 4151 qualis
730 4074 799 4133 erat
820 4068 887 4150 ille,
916 4068 976 4135 sibi
997 4088 1059 4135 nou
1082 4088 1150 4135 esse
1179 4070 1274 4134 relin-
