2962 4696
712 317 750 379 la

683 534 686 541 ·
752 493 798 557 ιδ
822 491 1001 574 δένδρον
1029 491 1099 556 καὶ
1124 486 1245 573 μα’κει
1270 489 1338 554 καὶ

121 1826 194 1890 Non
225 1823 332 1888 eadem
365 1820 486 1904 grana,
520 1839 708 1903 quamquam

124 1924 207 1989 fideli
230 1923 360 1987 materie
381 1927 430 1986 est
451 1920 545 1985 arbor
558 1922 589 2002 ¹),
611 1940 707 2005 quam

127 2023 272 2088 balanum
311 2020 553 2103 appellavimus,
593 2037 707 2101 magna

124 2140 163 2186 ex
189 2126 282 2204 parte
305 2126 464 2186 contorta.

126 2816 257 2881 Navalis
278 2816 385 2899 itaque
408 2817 578 2879 tantum
600 2820 659 2880 esi.

751 593 881 674 πάχει
914 593 982 657 καλ
1022 592 1182 679 πλήθει
1218 589 1336 655 πολδ·

751 698 818 777 ἔχει
840 694 878 757 δὲ
909 693 963 756 καὶ
991 691 1088 769 ξύλον
1117 691 1252 774 ἰσχυρὸν
1281 690 1336 753 καὶ

751 795 852 859 καλδν
872 796 913 877 τῇ
933 786 1027 882 ὄψει,
1054 791 1157 873 μέλαν
1179 787 1293 873 ὥσπερ
1316 790 1336 852 n‘

751 894 868 974 λωιδς,
898 893 934 969 ἐξ
956 879 995 956 οδ
1019 891 1073 955 καλ
1094 891 1137 954 ιδ
1158 890 1335 972 οἷγοὶλματα

753 993 820 1057 καὶ
847 990 896 1057 νδ
924 993 1060 1057 κλινία
1090 991 1158 1054 καὶ
1188 996 1334 1072 νραπέ·

754 1097 818 1171 ζια
837 1092 905 1156 καὶ
926 1082 1058 1157 τᾶλλα
1086 1090 1136 1153 ιδ
1159 1092 1335 1153 τοιαῦτα

755 1194 915 1257 ποιοῦσιν.

759 1321 804 1407 (6)
824 1322 866 1387 ‘H
884 1323 931 1386 δὲ
951 1321 1131 1405 βάλανος
1159 1321 1246 1400 ἔχει
1266 1321 1343 1400 μὲν

758 1414 832 1507 τῆν
855 1424 1145 1505 προσηγορίαν
1165 1418 1249 1482 α’πό
1270 1418 1344 1482 τοῦ

756 1524 938 1605 καρποῦ·
962 1519 1084 1603 φύλλον
1105 1519 1250 1601 δἀδτῇ
1272 1540 1343 1580 πα-

757 1620 995 1708 ραπλήσιον
1023 1622 1076 1702 τῷ
1106 1621 1175 1704 τῆς
1205 1621 1343 1699 μυρρί-

758 1745 826 1805 νης
853 1721 963 1808 πλήν
991 1725 1345 1803 προμηκέστερον.

749 1818 843 1885 Ἔστι
883 1821 921 1884 δὲ
956 1820 995 1883 ad
1030 1819 1167 1899 δένδρον
1203 1816 1347 1895 εδπαχὲς

756 1925 819 2001 μὲν
837 1920 900 1982 καλ
920 1919 1133 2001 εὐμέγεθες
1153 1916 1212 1981 oda
1229 1915 1347 1997 εδφνὲς

757 2018 795 2081 δὲ
816 2018 902 2084 α’λλοὶ
925 2024 1231 2099 παρεστραμμέναι
1267 2010 1348 2075 Τοι”

760 2120 925 2197 καρποῦ
950 2117 995 2179 δὲ
1024 2119 1113 2188 τοῖς
1142 2112 1348 2195 κελύφεσό

760 2219 939 2299 χρῶνται
980 2213 1018 2279 οἱ
1057 2212 1241 2303 μυρεψοὶ
1281 2211 1347 2275 κό-

761 2338 954 2390 πτοντες·
993 2314 1143 2388 εὐῶδες
1167 2315 1239 2396 γδρ
1261 2317 1348 2393 ἔχει

759 2416 833 2478 ado
865 2416 1030 2495 καρπδν
1063 2416 1109 2478 δὲ
1147 2413 1276 2479 odada
1305 2413 1347 2476 α’·

758 2518 911 2597 χρεῖον.
932 2511 1046 2579 ’Ἐστι
1066 2514 1109 2577 δὲ
1128 2514 1197 2577 καὶ
1216 2516 1347 2595 opipe-

757 2617 879 2693 peasa
906 2614 974 2676 καὶ
1005 2617 1052 2696 τῇ
1084 2611 1187 2702 ὄψει
1219 2635 1347 2695 παρα-

760 2710 1347 2797 πλήσιοςιρῖιῆςκαπποὶριος.

760 2809 869 2884 Ξύλον
884 2810 922 2874 δὲ
936 2809 1073 2893 ι’σχνρδν
1087 2811 1156 2874 καὶ
1179 2811 1231 2884 εἰς
1249 2808 1348 2875 ἄλλα

759 2939 803 2980 ιε
822 2941 870 2998 χρ
892 2915 949 2981 ’σι
988 2940 1032 2981 ον
1054 2919 1120 2980 καὶ
1143 2918 1347 2991 εἰςιδςναυ-

761 3028 888 3107 upplan.

128 3155 196 3239 (62)
217 3156 292 3220 aaa
308 3154 432 3223 diverso
447 3156 515 3222 cuci
532 3156 567 3222 in
582 3173 714 3236 magno
764 3157 809 3235 ll)
851 3156 898 3217 Τδ
933 3154 972 3218 δὲ
1000 3154 1202 3237 καλούμενον
1229 3177 1348 3217 κουκιο·

125 3255 291 3336 honore,
312 3256 434 3338 palmae
451 3255 571 3334 similia,
589 3255 714 3336 quando
765 3252 867 3336 φορόν
897 3255 988 3318 ἐστιν
1016 3250 1130 3335 ὅμοιον
1151 3256 1197 3334 τῷ
1219 3258 1347 3337 φοίνικι·

127 3353 247 3419 eteius
267 3355 348 3429 foliis
366 3360 500 3420 ntnntnr
522 3354 562 3419 ad
582 3352 713 3419 textilia.

128 3451 243 3518 Dillert
258 3453 340 3535 quod
349 3454 383 3518 in
395 3452 539 3519 branchia
552 3470 713 3518 ramorum

762 3355 837 3438 τήν
860 3354 905 3416 δὲ
926 3351 1159 3436 ὁμοιότητα
1177 3354 1284 3416 navo?
1305 3353 1350 3416 ιδ

764 3453 943 3535 στέλεχος
962 3454 1042 3532 ἔχει
1062 3452 1125 3515 καὶ
1144 3451 1191 3515 ιδ
1214 3449 1349 3534 φύλλα·

129 3551 301 3632 spargitur.
326 3553 422 3618 Pomo
438 3551 621 3632 magnitudo
638 3569 717 3633 quae
767 3554 915 3636 διαφέρει
940 3553 978 3616 δὲ
1000 3549 1051 3617 ὅτι
1072 3551 1187 3633 ὁμὲν
1207 3553 1352 3633 φοῖνιξ

94 3740 97 3744 ,
128 3667 254 3715 manum
293 3650 438 3732 impleat,
480 3651 564 3716 colos
602 3651 716 3730 fulvae,
766 3656 977 3737 μονοφυὲς
997 3650 1236 3715 καὶδπλοδν
1257 3651 1351 3726 ἐστι,

129 3748 371 3815 commendabili
390 3767 462 3815 suco
479 3768 526 3814 ex
545 3755 718 3814 austero
765 3754 863 3816 τοῦτο
891 3753 929 3814 δὲ
956 3753 1260 3834 προσαυξηθὲν
1283 3752 1352 3829 σχί-

131 3845 224 3913 δοΙοί.
269 3846 510 3929 Lignnmintus
525 3849 645 3929 grande
666 3848 718 3913 fir-

767 3854 853 3928 ζεται
881 3852 949 3914 καὶ
977 3855 1143 3933 γίνεται
1164 3850 1351 3932 δίκρουν,

204 4045 230 4114 1)
248 4047 300 4112 ‘eal
312 4045 401 4099 arbor’
419 4045 474 4100 iam
486 4045 560 4100 Pina.
574 4045 676 4100 collato
693 4044 892 4118 Theophrasto.
921 4048 1033 4104 Codices
1046 4066 1086 4117 taa
1100 4049 1212 4104 erboro'.
1239 4048 1353 4103 Reatina

132 4127 264 4195 videtur,
285 4129 358 4198 quod
379 4128 507 4202 Maphoff
524 4149 539 4186 e
558 4129 658 4185 Moneo
675 4131 793 4187 coniecit
813 4136 861 4203 ¹eat
878 4134 969 4190 arbori
981 4174 987 4188 .
998 4177 1004 4189 .
1015 4137 1180 4191 ‚contortae
