<?xml version="1.0" encoding="UTF-8"?>
<!DOCTYPE html PUBLIC "-//W3C//DTD XHTML 1.0 Transitional//EN"
    "http://www.w3.org/TR/xhtml1/DTD/xhtml1-transitional.dtd">
<html xmlns="http://www.w3.org/1999/xhtml" xml:lang="en" lang="en">
 <head>
  <title>
</title>
<meta http-equiv="Content-Type" content="text/html;charset=utf-8" />
  <meta name='ocr-system' content='tesseract 3.04.00' />
  <meta name='ocr-capabilities' content='ocr_page ocr_carea ocr_par ocr_line ocrx_word'/>
</head>
<body>
  <div class='ocr_page' id='page_1' title='image "./derationequaein00spregoog_0060.png"; bbox 0 0 2962 4696; ppageno 0'>
   <div class='ocr_carea' id='block_1_1' title="bbox 703 318 742 379">
    <p class='ocr_par' dir='ltr' id='par_1_1' title="bbox 703 318 742 379">
     <span class='ocr_line' id='line_1_1' title="bbox 703 318 742 379; baseline 0 0"><span class='ocrx_word' id='word_1_1' title='bbox 703 318 742 379; x_wconf 81' lang='lat'>33</span> 
     </span>
    </p>
   </div>
   <div class='ocr_carea' id='block_1_2' title="bbox 88 490 1431 4110">
    <p class='ocr_par' dir='ltr' id='par_1_2' title="bbox 92 490 1328 1108">
     <span class='ocr_line' id='line_1_2' title="bbox 92 490 1325 574; baseline -0.002 -14"><span class='ocrx_word' id='word_1_2' title='bbox 92 534 95 539; x_wconf 93' lang='lat'><em>-</em></span> <span class='ocrx_word' id='word_1_3' title='bbox 146 493 206 560; x_wconf 87' lang='lat' dir='ltr'>lacta</span> <span class='ocrx_word' id='word_1_4' title='bbox 224 500 274 560; x_wconf 92' lang='lat' dir='ltr'>est.</span> <span class='ocrx_word' id='word_1_5' title='bbox 328 493 387 559; x_wconf 83' lang='lat' dir='ltr'>Oui</span> <span class='ocrx_word' id='word_1_6' title='bbox 420 494 464 558; x_wconf 90' lang='lat' dir='ltr'>rei</span> <span class='ocrx_word' id='word_1_7' title='bbox 497 493 587 558; x_wconf 89' lang='lat' dir='ltr'>facile</span> <span class='ocrx_word' id='word_1_8' title='bbox 620 491 737 557; x_wconf 78' lang='lat' dir='ltr'>mederi</span> <span class='ocrx_word' id='word_1_9' title='bbox 765 495 855 574; x_wconf 88' lang='lat' dir='ltr'>potes</span> <span class='ocrx_word' id='word_1_10' title='bbox 886 491 1050 556; x_wconf 91' lang='lat' dir='ltr'>inserendo</span> <span class='ocrx_word' id='word_1_11' title='bbox 1080 496 1155 573; x_wconf 89' lang='lat' dir='ltr'>post</span> <span class='ocrx_word' id='word_1_12' title='bbox 1187 490 1325 574; x_wconf 74' lang='lat' dir='ltr'>tlolium’:</span> 
     </span>
     <span class='ocr_line' id='line_1_3' title="bbox 142 597 1326 685; baseline -0.003 -19"><span class='ocrx_word' id='word_1_13' title='bbox 142 602 347 685; x_wconf 71' lang='grc' dir='ltr'>ιιιιιιιιιερον</span> <span class='ocrx_word' id='word_1_14' title='bbox 359 599 425 683; x_wconf 78' lang='grc' dir='ltr'>δὲ),</span> <span class='ocrx_word' id='word_1_15' title='bbox 448 606 484 666; x_wconf 88' lang='grc' dir='ltr'>ιι</span> <span class='ocrx_word' id='word_1_16' title='bbox 503 600 641 680; x_wconf 87' lang='lat' dir='ltr'>legatur:</span> <span class='ocrx_word' id='word_1_17' title='bbox 661 599 778 665; x_wconf 88' lang='lat' dir='ltr'>‘lolium</span> <span class='ocrx_word' id='word_1_18' title='bbox 798 599 880 664; x_wconf 89' lang='lat' dir='ltr'>alius</span> <span class='ocrx_word' id='word_1_19' title='bbox 895 598 962 662; x_wconf 87' lang='lat' dir='ltr'>alus</span> <span class='ocrx_word' id='word_1_20' title='bbox 976 598 1079 663; x_wconf 90' lang='lat' dir='ltr'>avium</span> <span class='ocrx_word' id='word_1_21' title='bbox 1096 598 1240 663; x_wconf 84' lang='lat' dir='ltr'>imitatur</span> <span class='ocrx_word' id='word_1_22' title='bbox 1254 647 1261 662; x_wconf 91' lang='lat'>.</span> <span class='ocrx_word' id='word_1_23' title='bbox 1273 647 1280 662; x_wconf 91' lang='lat'>.</span> <span class='ocrx_word' id='word_1_24' title='bbox 1292 597 1326 675; x_wconf 84' lang='lat'>.’;</span> 
     </span>
     <span class='ocr_line' id='line_1_4' title="bbox 143 704 1325 787; baseline -0.003 -14"><span class='ocrx_word' id='word_1_25' title='bbox 143 726 194 773; x_wconf 90' lang='lat' dir='ltr'>nan</span> <span class='ocrx_word' id='word_1_26' title='bbox 211 708 295 773; x_wconf 87' lang='lat' dir='ltr'>simili</span> <span class='ocrx_word' id='word_1_27' title='bbox 319 707 427 772; x_wconf 89' lang='lat' dir='ltr'>sonitu</span> <span class='ocrx_word' id='word_1_28' title='bbox 449 705 536 770; x_wconf 90' lang='lat' dir='ltr'>verbi</span> <span class='ocrx_word' id='word_1_29' title='bbox 559 707 781 787; x_wconf 91' lang='lat' dir='ltr'>subsequentis</span> <span class='ocrx_word' id='word_1_30' title='bbox 800 723 870 771; x_wconf 88' lang='lat' dir='ltr'>earn</span> <span class='ocrx_word' id='word_1_31' title='bbox 892 722 995 771; x_wconf 86' lang='lat' dir='ltr'>nocem</span> <span class='ocrx_word' id='word_1_32' title='bbox 1018 704 1163 769; x_wconf 80' lang='lat' dir='ltr'>facillime</span> <span class='ocrx_word' id='word_1_33' title='bbox 1183 704 1325 770; x_wconf 85' lang='lat' dir='ltr'>excidere</span> 
     </span>
     <span class='ocr_line' id='line_1_5' title="bbox 142 812 1326 895; baseline -0.003 -17"><span class='ocrx_word' id='word_1_34' title='bbox 142 815 250 895; x_wconf 87' lang='lat' dir='ltr'>potuisse</span> <span class='ocrx_word' id='word_1_35' title='bbox 267 832 358 878; x_wconf 84' lang='lat' dir='ltr'>neruo</span> <span class='ocrx_word' id='word_1_36' title='bbox 380 812 577 879; x_wconf 73' lang='lat' dir='ltr'>initiabitur.</span> <span class='ocrx_word' id='word_1_37' title='bbox 619 813 737 878; x_wconf 84' lang='lat' dir='ltr'>Tamen</span> <span class='ocrx_word' id='word_1_38' title='bbox 756 812 787 877; x_wconf 88' lang='lat' dir='ltr'>id</span> <span class='ocrx_word' id='word_1_39' title='bbox 802 812 904 877; x_wconf 88' lang='lat' dir='ltr'>iacere</span> <span class='ocrx_word' id='word_1_40' title='bbox 929 812 1050 893; x_wconf 89' lang='lat' dir='ltr'>dubito,</span> <span class='ocrx_word' id='word_1_41' title='bbox 1072 829 1141 876; x_wconf 91' lang='lat' dir='ltr'>cnm</span> <span class='ocrx_word' id='word_1_42' title='bbox 1160 812 1326 894; x_wconf 79' lang='lat' dir='ltr'>respiciam</span> 
     </span>
     <span class='ocr_line' id='line_1_6' title="bbox 144 917 1328 1002; baseline -0.001 -18"><span class='ocrx_word' id='word_1_43' title='bbox 144 921 259 1000; x_wconf 86' lang='lat' dir='ltr'>adlllll,</span> <span class='ocrx_word' id='word_1_44' title='bbox 282 919 323 985; x_wconf 81' lang='lat'>33</span> <span class='ocrx_word' id='word_1_45' title='bbox 345 924 378 985; x_wconf 89' lang='lat' dir='ltr'>et</span> <span class='ocrx_word' id='word_1_46' title='bbox 399 923 437 983; x_wconf 82' lang='lat'>65</span> <span class='ocrx_word' id='word_1_47' title='bbox 462 925 495 984; x_wconf 92' lang='lat' dir='ltr'>et</span> <span class='ocrx_word' id='word_1_48' title='bbox 518 924 593 1001; x_wconf 79' lang='lat'>135,</span> <span class='ocrx_word' id='word_1_49' title='bbox 625 919 740 1002; x_wconf 88' lang='lat' dir='ltr'>quibus</span> <span class='ocrx_word' id='word_1_50' title='bbox 771 919 845 984; x_wconf 90' lang='lat' dir='ltr'>locis</span> <span class='ocrx_word' id='word_1_51' title='bbox 874 936 991 999; x_wconf 87' lang='lat' dir='ltr'>genera</span> <span class='ocrx_word' id='word_1_52' title='bbox 1021 918 1096 983; x_wconf 91' lang='lat' dir='ltr'>bina</span> <span class='ocrx_word' id='word_1_53' title='bbox 1117 917 1328 1001; x_wconf 83' lang='lat' dir='ltr'>Theophrasti</span> 
     </span>
     <span class='ocr_line' id='line_1_7' title="bbox 143 1024 1146 1108; baseline 0 -18"><span class='ocrx_word' id='word_1_54' title='bbox 143 1027 165 1091; x_wconf 94' lang='lat' dir='ltr'>in</span> <span class='ocrx_word' id='word_1_55' title='bbox 178 1028 285 1108; x_wconf 88' lang='lat' dir='ltr'>singola</span> <span class='ocrx_word' id='word_1_56' title='bbox 306 1026 540 1092; x_wconf 89' lang='lat' dir='ltr'>confunduntur</span> <span class='ocrx_word' id='word_1_57' title='bbox 562 1031 724 1108; x_wconf 83' lang='lat' dir='ltr'>potestate</span> <span class='ocrx_word' id='word_1_58' title='bbox 748 1026 931 1091; x_wconf 88' lang='lat' dir='ltr'>emendandi</span> <span class='ocrx_word' id='word_1_59' title='bbox 953 1024 1039 1091; x_wconf 88' lang='lat' dir='ltr'>nulla</span> <span class='ocrx_word' id='word_1_60' title='bbox 1061 1025 1146 1091; x_wconf 86' lang='lat' dir='ltr'>data.</span> 
     </span>
    </p>

    <p class='ocr_par' dir='ltr' id='par_1_3' title="bbox 112 1131 1331 1428">
     <span class='ocr_line' id='line_1_8' title="bbox 188 1131 1331 1215; baseline -0.004 -16"><span class='ocrx_word' id='word_1_61' title='bbox 188 1135 231 1199; x_wconf 83' lang='lat' dir='ltr'>lo</span> <span class='ocrx_word' id='word_1_62' title='bbox 253 1140 393 1199; x_wconf 87' lang='lat' dir='ltr'>extrema</span> <span class='ocrx_word' id='word_1_63' title='bbox 414 1133 613 1215; x_wconf 86' lang='lat' dir='ltr'>paragrapho</span> <span class='ocrx_word' id='word_1_64' title='bbox 637 1134 711 1215; x_wconf 82' lang='lat'>(25)</span> <span class='ocrx_word' id='word_1_65' title='bbox 732 1133 808 1197; x_wconf 90' lang='lat' dir='ltr'>hacc</span> <span class='ocrx_word' id='word_1_66' title='bbox 830 1133 1017 1198; x_wconf 87' lang='lat' dir='ltr'>traduntur:</span> <span class='ocrx_word' id='word_1_67' title='bbox 1050 1150 1117 1214; x_wconf 58' lang='lat' dir='ltr'>,nec</span> <span class='ocrx_word' id='word_1_68' title='bbox 1140 1137 1189 1196; x_wconf 89' lang='lat' dir='ltr'>est</span> <span class='ocrx_word' id='word_1_69' title='bbox 1210 1131 1331 1211; x_wconf 85' lang='lat' dir='ltr'>gratior</span> 
     </span>
     <span class='ocr_line' id='line_1_9' title="bbox 144 1238 1331 1323; baseline 0 -21"><span class='ocrx_word' id='word_1_70' title='bbox 144 1238 247 1307; x_wconf 88' lang='lat' dir='ltr'>ollarum</span> <span class='ocrx_word' id='word_1_71' title='bbox 271 1240 350 1323; x_wconf 78' lang='lat' dir='ltr'>(D²;</span> <span class='ocrx_word' id='word_1_72' title='bbox 381 1241 476 1307; x_wconf 88' lang='lat' dir='ltr'>ceteri</span> <span class='ocrx_word' id='word_1_73' title='bbox 499 1241 623 1305; x_wconf 90' lang='lat' dir='ltr'>codices</span> <span class='ocrx_word' id='word_1_74' title='bbox 643 1239 824 1321; x_wconf 55' lang='lat' dir='ltr'>,villarum’l</span> <span class='ocrx_word' id='word_1_75' title='bbox 845 1238 1051 1321; x_wconf 89' lang='lat' dir='ltr'>prospectus&#39;.</span> <span class='ocrx_word' id='word_1_76' title='bbox 1094 1238 1215 1303; x_wconf 90' lang='lat' dir='ltr'>Neutra</span> <span class='ocrx_word' id='word_1_77' title='bbox 1237 1238 1331 1303; x_wconf 83' lang='lat' dir='ltr'>lectio</span> 
     </span>
     <span class='ocr_line' id='line_1_10' title="bbox 112 1343 1331 1428; baseline 0 -20"><span class='ocrx_word' id='word_1_78' title='bbox 112 1361 239 1417; x_wconf 74' lang='grc' dir='ltr'>ιιιιιιιιιι</span> <span class='ocrx_word' id='word_1_79' title='bbox 259 1346 376 1428; x_wconf 85' lang='lat' dir='ltr'>habet3</span> <span class='ocrx_word' id='word_1_80' title='bbox 406 1347 514 1426; x_wconf 87' lang='lat' dir='ltr'>itaque</span> <span class='ocrx_word' id='word_1_81' title='bbox 541 1347 605 1410; x_wconf 91' lang='lat' dir='ltr'>iarn</span> <span class='ocrx_word' id='word_1_82' title='bbox 628 1346 792 1412; x_wconf 92' lang='lat' dir='ltr'>Pintianus</span> <span class='ocrx_word' id='word_1_83' title='bbox 822 1363 943 1411; x_wconf 90' lang='lat' dir='ltr'>summa</span> <span class='ocrx_word' id='word_1_84' title='bbox 972 1364 1041 1411; x_wconf 89' lang='lat' dir='ltr'>cum</span> <span class='ocrx_word' id='word_1_85' title='bbox 1072 1344 1231 1410; x_wconf 90' lang='lat' dir='ltr'>evidentia</span> <span class='ocrx_word' id='word_1_86' title='bbox 1264 1343 1331 1408; x_wconf 88' lang='lat' dir='ltr'>veri</span> 
     </span>
    </p>

    <p class='ocr_par' dir='ltr' id='par_1_4' title="bbox 88 1447 1333 1546">
     <span class='ocr_line' id='line_1_11' title="bbox 88 1447 1333 1546; baseline 0.001 -34"><span class='ocrx_word' id='word_1_87' title='bbox 88 1457 236 1546; x_wconf 55' lang='lat' dir='ltr'>,recum</span> <span class='ocrx_word' id='word_1_88' title='bbox 262 1452 369 1519; x_wconf 87' lang='lat' dir='ltr'>hausit</span> <span class='ocrx_word' id='word_1_89' title='bbox 397 1461 417 1516; x_wconf 50' lang='lat' dir='ltr'>*e</span> <span class='ocrx_word' id='word_1_90' title='bbox 452 1452 667 1534; x_wconf 90' lang='lat' dir='ltr'>Theophrasto</span> <span class='ocrx_word' id='word_1_91' title='bbox 700 1447 861 1534; x_wconf 78' lang='grc' dir='ltr'>(ἄμπελοι</span> <span class='ocrx_word' id='word_1_92' title='bbox 892 1449 1098 1534; x_wconf 78' lang='grc' dir='ltr'>φαινονται);</span> <span class='ocrx_word' id='word_1_93' title='bbox 1141 1449 1333 1532; x_wconf 69' lang='lat' dir='ltr'>pinearum,</span> 
     </span>
    </p>

    <p class='ocr_par' dir='ltr' id='par_1_5' title="bbox 95 1556 1335 2071">
     <span class='ocr_line' id='line_1_12' title="bbox 95 1556 1332 1651; baseline 0 -31"><span class='ocrx_word' id='word_1_94' title='bbox 95 1642 103 1651; x_wconf 17' lang='grc' dir='ltr'>ἢ</span> <span class='ocrx_word' id='word_1_95' title='bbox 146 1556 286 1641; x_wconf 87' lang='lat' dir='ltr'>mirorque,</span> <span class='ocrx_word' id='word_1_96' title='bbox 315 1559 399 1640; x_wconf 89' lang='lat' dir='ltr'>quod</span> <span class='ocrx_word' id='word_1_97' title='bbox 421 1557 572 1640; x_wconf 72' lang='lat' dir='ltr'>Maphoff,</span> <span class='ocrx_word' id='word_1_98' title='bbox 597 1559 700 1624; x_wconf 89' lang='lat' dir='ltr'>editor</span> <span class='ocrx_word' id='word_1_99' title='bbox 722 1559 802 1623; x_wconf 86' lang='lat' dir='ltr'>Plini</span> <span class='ocrx_word' id='word_1_100' title='bbox 825 1558 1039 1636; x_wconf 90' lang='lat' dir='ltr'>doctissimus,</span> <span class='ocrx_word' id='word_1_101' title='bbox 1072 1556 1153 1621; x_wconf 90' lang='lat' dir='ltr'>hanc</span> <span class='ocrx_word' id='word_1_102' title='bbox 1178 1556 1332 1621; x_wconf 89' lang='lat' dir='ltr'>coniectu·</span> 
     </span>
     <span class='ocr_line' id='line_1_13' title="bbox 148 1662 1334 1746; baseline -0.002 -19"><span class='ocrx_word' id='word_1_103' title='bbox 148 1679 194 1728; x_wconf 86' lang='lat' dir='ltr'>ram</span> <span class='ocrx_word' id='word_1_104' title='bbox 210 1667 239 1729; x_wconf 92' lang='lat' dir='ltr'>in</span> <span class='ocrx_word' id='word_1_105' title='bbox 261 1671 382 1731; x_wconf 82' lang='lat' dir='ltr'>textum</span> <span class='ocrx_word' id='word_1_106' title='bbox 412 1684 503 1731; x_wconf 89' lang='lat' dir='ltr'>suurn</span> <span class='ocrx_word' id='word_1_107' title='bbox 524 1683 586 1729; x_wconf 93' lang='lat' dir='ltr'>non</span> <span class='ocrx_word' id='word_1_108' title='bbox 617 1666 746 1746; x_wconf 90' lang='lat' dir='ltr'>recepit.</span> <span class='ocrx_word' id='word_1_109' title='bbox 790 1665 899 1729; x_wconf 90' lang='lat' dir='ltr'>Priore</span> <span class='ocrx_word' id='word_1_110' title='bbox 921 1662 1118 1746; x_wconf 83' lang='lat' dir='ltr'>paragrapho</span> <span class='ocrx_word' id='word_1_111' title='bbox 1142 1664 1253 1727; x_wconf 88' lang='lat' dir='ltr'>verba:</span> <span class='ocrx_word' id='word_1_112' title='bbox 1287 1668 1334 1743; x_wconf 71' lang='lat' dir='ltr'>tut</span> 
     </span>
     <span class='ocr_line' id='line_1_14' title="bbox 146 1768 1334 1855; baseline 0.002 -24"><span class='ocrx_word' id='word_1_113' title='bbox 146 1779 376 1855; x_wconf 83' lang='lat' dir='ltr'>nno.quoternos</span> <span class='ocrx_word' id='word_1_114' title='bbox 397 1771 503 1837; x_wconf 87' lang='lat' dir='ltr'>satiat&#39;</span> <span class='ocrx_word' id='word_1_115' title='bbox 524 1790 595 1841; x_wconf 91' lang='lat' dir='ltr'>curn</span> <span class='ocrx_word' id='word_1_116' title='bbox 615 1770 874 1837; x_wconf 88' lang='lat' dir='ltr'>antecedentibus</span> <span class='ocrx_word' id='word_1_117' title='bbox 895 1769 1118 1852; x_wconf 77' lang='lat' dir='ltr'>tadmirabilem</span> <span class='ocrx_word' id='word_1_118' title='bbox 1142 1769 1207 1834; x_wconf 89' lang='lat' dir='ltr'>suci</span> <span class='ocrx_word' id='word_1_119' title='bbox 1230 1768 1334 1833; x_wconf 91' lang='lat' dir='ltr'>dulce·</span> 
     </span>
     <span class='ocr_line' id='line_1_15' title="bbox 146 1873 1335 1958; baseline 0.003 -22"><span class='ocrx_word' id='word_1_120' title='bbox 146 1873 206 1940; x_wconf 88' lang='lat' dir='ltr'>dine&#39;</span> <span class='ocrx_word' id='word_1_121' title='bbox 225 1878 437 1958; x_wconf 88' lang='lat' dir='ltr'>coniungenda</span> <span class='ocrx_word' id='word_1_122' title='bbox 457 1897 519 1942; x_wconf 95' lang='lat' dir='ltr'>non</span> <span class='ocrx_word' id='word_1_123' title='bbox 543 1884 633 1957; x_wconf 72' lang='lat' dir='ltr'>sunt,</span> <span class='ocrx_word' id='word_1_124' title='bbox 667 1896 766 1958; x_wconf 89' lang='lat' dir='ltr'>neque</span> <span class='ocrx_word' id='word_1_125' title='bbox 788 1879 869 1942; x_wconf 86' lang='lat' dir='ltr'>enirn</span> <span class='ocrx_word' id='word_1_126' title='bbox 891 1883 941 1941; x_wconf 90' lang='lat' dir='ltr'>est</span> <span class='ocrx_word' id='word_1_127' title='bbox 961 1875 1107 1956; x_wconf 87' lang='lat' dir='ltr'>dulcedo,</span> <span class='ocrx_word' id='word_1_128' title='bbox 1137 1876 1191 1939; x_wconf 87' lang='lat' dir='ltr'>sed</span> <span class='ocrx_word' id='word_1_129' title='bbox 1215 1875 1335 1955; x_wconf 88' lang='lat' dir='ltr'>magni-</span> 
     </span>
     <span class='ocr_line' id='line_1_16' title="bbox 146 1981 1335 2071; baseline 0.004 -29"><span class='ocrx_word' id='word_1_130' title='bbox 146 1981 219 2064; x_wconf 89' lang='lat' dir='ltr'>tudo,</span> <span class='ocrx_word' id='word_1_131' title='bbox 245 2002 309 2065; x_wconf 90' lang='lat' dir='ltr'>qua</span> <span class='ocrx_word' id='word_1_132' title='bbox 336 1984 443 2064; x_wconf 90' lang='lat' dir='ltr'>plures</span> <span class='ocrx_word' id='word_1_133' title='bbox 465 1987 634 2049; x_wconf 76' lang='lat' dir='ltr'>satiantur</span> <span class='ocrx_word' id='word_1_134' title='bbox 681 1983 928 2071; x_wconf 77' lang='lat' dir='ltr'>Quamobrem</span> <span class='ocrx_word' id='word_1_135' title='bbox 951 1984 1004 2047; x_wconf 91' lang='lat' dir='ltr'>lan</span> <span class='ocrx_word' id='word_1_136' title='bbox 1031 1984 1173 2047; x_wconf 90' lang='lat' dir='ltr'>lacunam</span> <span class='ocrx_word' id='word_1_137' title='bbox 1196 1983 1246 2049; x_wconf 91' lang='lat' dir='ltr'>bic</span> <span class='ocrx_word' id='word_1_138' title='bbox 1267 2000 1335 2048; x_wconf 89' lang='lat' dir='ltr'>esse</span> 
     </span>
    </p>

    <p class='ocr_par' dir='ltr' id='par_1_6' title="bbox 88 2080 1221 2172">
     <span class='ocr_line' id='line_1_17' title="bbox 88 2080 1221 2172; baseline 0.007 -25"><span class='ocrx_word' id='word_1_139' title='bbox 88 2094 90 2099; x_wconf 83' lang='lat'>&#39;</span> <span class='ocrx_word' id='word_1_140' title='bbox 147 2092 214 2153; x_wconf 88' lang='lat' dir='ltr'>ratus</span> <span class='ocrx_word' id='word_1_141' title='bbox 233 2091 362 2157; x_wconf 86' lang='lat' dir='ltr'>inseruit</span> <span class='ocrx_word' id='word_1_142' title='bbox 384 2098 427 2172; x_wconf 57' lang='lat' dir='ltr'>,ct</span> <span class='ocrx_word' id='word_1_143' title='bbox 448 2096 539 2155; x_wconf 87' lang='lat' dir='ltr'>tanta</span> <span class='ocrx_word' id='word_1_144' title='bbox 562 2090 794 2171; x_wconf 88' lang='lat' dir='ltr'>magnitudine’.</span> <span class='ocrx_word' id='word_1_145' title='bbox 1206 2080 1221 2097; x_wconf 58' lang='lat'>⁸</span> 
     </span>
    </p>

    <p class='ocr_par' dir='ltr' id='par_1_7' title="bbox 114 2195 1337 2602">
     <span class='ocr_line' id='line_1_18' title="bbox 114 2195 1334 2279; baseline 0.002 -20"><span class='ocrx_word' id='word_1_146' title='bbox 114 2270 117 2274; x_wconf 42' lang='grc'><em>,</em></span> <span class='ocrx_word' id='word_1_147' title='bbox 208 2195 455 2279; x_wconf 86' lang='lat' dir='ltr'>Theophrastum</span> <span class='ocrx_word' id='word_1_148' title='bbox 476 2203 508 2261; x_wconf 92' lang='lat' dir='ltr'>ct</span> <span class='ocrx_word' id='word_1_149' title='bbox 535 2198 634 2277; x_wconf 91' lang='lat' dir='ltr'>ipsum</span> <span class='ocrx_word' id='word_1_150' title='bbox 664 2196 815 2261; x_wconf 92' lang='lat' dir='ltr'>hocloco</span> <span class='ocrx_word' id='word_1_151' title='bbox 846 2197 987 2263; x_wconf 90' lang='lat' dir='ltr'>ePlinio</span> <span class='ocrx_word' id='word_1_152' title='bbox 1014 2199 1178 2264; x_wconf 89' lang='lat' dir='ltr'>emendare</span> <span class='ocrx_word' id='word_1_153' title='bbox 1201 2202 1334 2264; x_wconf 88' lang='lat' dir='ltr'>conatos</span> 
     </span>
     <span class='ocr_line' id='line_1_19' title="bbox 147 2301 1337 2388; baseline 0.008 -30"><span class='ocrx_word' id='word_1_154' title='bbox 147 2301 392 2381; x_wconf 73' lang='lat' dir='ltr'>erchamueus,</span> <span class='ocrx_word' id='word_1_155' title='bbox 422 2322 491 2368; x_wconf 91' lang='lat' dir='ltr'>cum</span> <span class='ocrx_word' id='word_1_156' title='bbox 523 2304 580 2368; x_wconf 90' lang='lat' dir='ltr'>hoc</span> <span class='ocrx_word' id='word_1_157' title='bbox 605 2304 788 2369; x_wconf 84' lang='lat' dir='ltr'>exhibente:</span> <span class='ocrx_word' id='word_1_158' title='bbox 821 2305 936 2388; x_wconf 57' lang='lat' dir='ltr'>,lolium</span> <span class='ocrx_word' id='word_1_159' title='bbox 967 2305 1034 2370; x_wconf 87' lang='lat' dir='ltr'>alas</span> <span class='ocrx_word' id='word_1_160' title='bbox 1063 2306 1166 2372; x_wconf 88' lang='lat' dir='ltr'>avium</span> <span class='ocrx_word' id='word_1_161' title='bbox 1196 2306 1337 2370; x_wconf 87' lang='lat' dir='ltr'>imitetur</span> 
     </span>
     <span class='ocr_line' id='line_1_20' title="bbox 146 2401 1336 2492; baseline 0.005 -23"><span class='ocrx_word' id='word_1_162' title='bbox 146 2401 316 2487; x_wconf 87' lang='lat' dir='ltr'>longitudine</span> <span class='ocrx_word' id='word_1_163' title='bbox 338 2412 433 2474; x_wconf 91' lang='lat' dir='ltr'>triurn</span> <span class='ocrx_word' id='word_1_164' title='bbox 456 2410 644 2492; x_wconf 85' lang='lat' dir='ltr'>cubitorum,</span> <span class='ocrx_word' id='word_1_165' title='bbox 665 2410 832 2478; x_wconf 88' lang='lat' dir='ltr'>latitudine</span> <span class='ocrx_word' id='word_1_166' title='bbox 851 2413 956 2477; x_wconf 83' lang='lat' dir='ltr'>dnum&#39;</span> <span class='ocrx_word' id='word_1_167' title='bbox 975 2413 1026 2478; x_wconf 92' lang='lat' dir='ltr'>illc</span> <span class='ocrx_word' id='word_1_168' title='bbox 1047 2418 1170 2479; x_wconf 90' lang='lat' dir='ltr'>tantum</span> <span class='ocrx_word' id='word_1_169' title='bbox 1190 2414 1336 2479; x_wconf 88' lang='lat' dir='ltr'>haberet:</span> 
     </span>
     <span class='ocr_line' id='line_1_21' title="bbox 146 2514 1336 2602; baseline 0.007 -24"><span class='ocrx_word' id='word_1_170' title='bbox 146 2514 223 2596; x_wconf 75' lang='grc' dir='ltr'><em>μῆκος</em></span> <span class='ocrx_word' id='word_1_171' title='bbox 245 2519 282 2581; x_wconf 76' lang='grc' dir='ltr'>δὲ</span> <span class='ocrx_word' id='word_1_172' title='bbox 308 2517 351 2592; x_wconf 76' lang='grc' dir='ltr'>ὠς</span> <span class='ocrx_word' id='word_1_173' title='bbox 373 2519 579 2602; x_wconf 65' lang='lat' dir='ltr'>denegaretur.</span> <span class='ocrx_word' id='word_1_174' title='bbox 631 2519 700 2596; x_wconf 85' lang='lat' dir='ltr'>Qua</span> <span class='ocrx_word' id='word_1_175' title='bbox 728 2538 762 2583; x_wconf 93' lang='lat' dir='ltr'>re</span> <span class='ocrx_word' id='word_1_176' title='bbox 788 2527 964 2586; x_wconf 90' lang='lat' dir='ltr'>commotus</span> <span class='ocrx_word' id='word_1_177' title='bbox 992 2522 1019 2585; x_wconf 92' lang='lat' dir='ltr'>is</span> <span class='ocrx_word' id='word_1_178' title='bbox 1052 2520 1196 2587; x_wconf 91' lang='lat' dir='ltr'>lacunam</span> <span class='ocrx_word' id='word_1_179' title='bbox 1226 2522 1257 2586; x_wconf 92' lang='lat' dir='ltr'>in</span> <span class='ocrx_word' id='word_1_180' title='bbox 1283 2521 1336 2586; x_wconf 92' lang='lat' dir='ltr'>illo</span> 
     </span>
    </p>

    <p class='ocr_par' dir='ltr' id='par_1_8' title="bbox 88 2623 1431 4110">
     <span class='ocr_line' id='line_1_22' title="bbox 113 2623 1337 2712; baseline 0.011 -32"><span class='ocrx_word' id='word_1_181' title='bbox 113 2623 249 2704; x_wconf 71' lang='lat' dir='ltr'>statuit,</span> <span class='ocrx_word' id='word_1_182' title='bbox 280 2643 375 2706; x_wconf 88' lang='lat' dir='ltr'>quarn</span> <span class='ocrx_word' id='word_1_183' title='bbox 404 2625 589 2708; x_wconf 79' lang='lat' dir='ltr'>explendam</span> <span class='ocrx_word' id='word_1_184' title='bbox 619 2643 688 2691; x_wconf 88' lang='lat' dir='ltr'>esse</span> <span class='ocrx_word' id='word_1_185' title='bbox 714 2645 752 2690; x_wconf 83' lang='lat' dir='ltr'>ex</span> <span class='ocrx_word' id='word_1_186' title='bbox 774 2626 833 2691; x_wconf 89' lang='lat' dir='ltr'>hoc</span> <span class='ocrx_word' id='word_1_187' title='bbox 856 2628 918 2709; x_wconf 90' lang='lat' dir='ltr'>ita,</span> <span class='ocrx_word' id='word_1_188' title='bbox 947 2633 983 2693; x_wconf 91' lang='lat' dir='ltr'>ut</span> <span class='ocrx_word' id='word_1_189' title='bbox 1010 2633 1082 2708; x_wconf 90' lang='lat' dir='ltr'>post</span> <span class='ocrx_word' id='word_1_190' title='bbox 1110 2631 1209 2712; x_wconf 78' lang='grc' dir='ltr'><strong><em>μῆκος</em></strong></span> <span class='ocrx_word' id='word_1_191' title='bbox 1239 2629 1337 2693; x_wconf 91' lang='lat' dir='ltr'>inter·</span> 
     </span>
     <span class='ocr_line' id='line_1_23' title="bbox 147 2720 1431 2816; baseline 0.011 -29"><span class='ocrx_word' id='word_1_192' title='bbox 147 2735 274 2803; x_wconf 82' lang='lat' dir='ltr'>pontiur:</span> <span class='ocrx_word' id='word_1_193' title='bbox 379 2735 449 2815; x_wconf 73' lang='grc' dir='ltr'>μινΙ</span> <span class='ocrx_word' id='word_1_194' title='bbox 466 2737 691 2816; x_wconf 81' lang='grc' dir='ltr'>τριπηχυαῖον,</span> <span class='ocrx_word' id='word_1_195' title='bbox 713 2723 805 2815; x_wconf 75' lang='grc' dir='ltr'><em>εὖρος</em></span> <span class='ocrx_word' id='word_1_196' title='bbox 919 2735 1004 2799; x_wconf 85' lang='lat' dir='ltr'>Satis</span> <span class='ocrx_word' id='word_1_197' title='bbox 1023 2734 1188 2815; x_wconf 83' lang='lat' dir='ltr'>probabile</span> <span class='ocrx_word' id='word_1_198' title='bbox 1207 2751 1282 2800; x_wconf 84' lang='lat' dir='ltr'>sane</span> <span class='ocrx_word' id='word_1_199' title='bbox 1302 2734 1336 2800; x_wconf 83' lang='lat' dir='ltr'>id</span> <span class='ocrx_word' id='word_1_200' title='bbox 1429 2720 1431 2726; x_wconf 28' lang='grc' dir='ltr'>Ι</span> 
     </span>
     <span class='ocr_line' id='line_1_24' title="bbox 147 2833 1336 2923; baseline 0.003 -23"><span class='ocrx_word' id='word_1_201' title='bbox 147 2833 262 2910; x_wconf 77' lang='lat' dir='ltr'>quidem!</span> <span class='ocrx_word' id='word_1_202' title='bbox 303 2838 367 2903; x_wconf 89' lang='lat' dir='ltr'>Sed</span> <span class='ocrx_word' id='word_1_203' title='bbox 387 2839 468 2903; x_wconf 90' lang='lat' dir='ltr'>sicut</span> <span class='ocrx_word' id='word_1_204' title='bbox 490 2839 597 2918; x_wconf 88' lang='lat' dir='ltr'>modo,</span> <span class='ocrx_word' id='word_1_205' title='bbox 625 2840 767 2921; x_wconf 86' lang='lat' dir='ltr'>quamvis</span> <span class='ocrx_word' id='word_1_206' title='bbox 797 2840 960 2922; x_wconf 91' lang='lat' dir='ltr'>praeclara</span> <span class='ocrx_word' id='word_1_207' title='bbox 987 2845 1129 2923; x_wconf 90' lang='lat' dir='ltr'>potestas</span> <span class='ocrx_word' id='word_1_208' title='bbox 1151 2840 1336 2906; x_wconf 90' lang='lat' dir='ltr'>emendandi</span> 
     </span>
     <span class='ocr_line' id='line_1_25' title="bbox 147 2926 1336 3034; baseline 0.008 -32"><span class='ocrx_word' id='word_1_209' title='bbox 147 2933 254 3008; x_wconf 86' lang='lat' dir='ltr'>daretur</span> <span class='ocrx_word' id='word_1_210' title='bbox 273 2949 316 3034; x_wconf 74' lang='lat' dir='ltr'>⁴et</span> <span class='ocrx_word' id='word_1_211' title='bbox 344 2944 484 3025; x_wconf 89' lang='lat' dir='ltr'>profecto</span> <span class='ocrx_word' id='word_1_212' title='bbox 517 2964 578 3009; x_wconf 92' lang='lat' dir='ltr'>non</span> <span class='ocrx_word' id='word_1_213' title='bbox 607 2946 743 3010; x_wconf 90' lang='lat' dir='ltr'>deterior</span> <span class='ocrx_word' id='word_1_214' title='bbox 771 2945 848 3029; x_wconf 87' lang='lat' dir='ltr'>hac,</span> <span class='ocrx_word' id='word_1_215' title='bbox 880 2965 945 3010; x_wconf 88' lang='lat' dir='ltr'>rern</span> <span class='ocrx_word' id='word_1_216' title='bbox 974 2949 1006 3011; x_wconf 94' lang='lat' dir='ltr'>in</span> <span class='ocrx_word' id='word_1_217' title='bbox 1035 2946 1138 3012; x_wconf 91' lang='lat' dir='ltr'>medio</span> <span class='ocrx_word' id='word_1_218' title='bbox 1161 2926 1336 3028; x_wconf 82' lang='lat' dir='ltr'>relinquere</span> 
     </span>
     <span class='ocr_line' id='line_1_26' title="bbox 147 3049 1295 3137; baseline 0.01 -33"><span class='ocrx_word' id='word_1_219' title='bbox 147 3049 224 3113; x_wconf 82' lang='lat' dir='ltr'>macti</span> <span class='ocrx_word' id='word_1_220' title='bbox 244 3067 368 3131; x_wconf 90' lang='lat' dir='ltr'>sumus,</span> <span class='ocrx_word' id='word_1_221' title='bbox 392 3051 466 3116; x_wconf 90' lang='lat' dir='ltr'>item</span> <span class='ocrx_word' id='word_1_222' title='bbox 486 3051 565 3115; x_wconf 90' lang='lat' dir='ltr'>haec</span> <span class='ocrx_word' id='word_1_223' title='bbox 585 3070 708 3133; x_wconf 90' lang='lat' dir='ltr'>quoqne</span> <span class='ocrx_word' id='word_1_224' title='bbox 731 3053 873 3133; x_wconf 89' lang='lat' dir='ltr'>quaestio</span> <span class='ocrx_word' id='word_1_225' title='bbox 895 3054 1066 3118; x_wconf 86' lang='lat' dir='ltr'>iniudicata</span> <span class='ocrx_word' id='word_1_226' title='bbox 1088 3053 1295 3137; x_wconf 89' lang='lat' dir='ltr'>relinquetur.</span> 
     </span>
     <span class='ocr_line' id='line_1_27' title="bbox 207 3154 1338 3235; baseline 0.004 -16"><span class='ocrx_word' id='word_1_227' title='bbox 207 3154 249 3220; x_wconf 88' lang='lat' dir='ltr'>Ut</span> <span class='ocrx_word' id='word_1_228' title='bbox 267 3156 350 3219; x_wconf 89' lang='lat' dir='ltr'>enirn</span> <span class='ocrx_word' id='word_1_229' title='bbox 372 3155 442 3221; x_wconf 90' lang='lat' dir='ltr'>aliis</span> <span class='ocrx_word' id='word_1_230' title='bbox 460 3156 565 3235; x_wconf 91' lang='lat' dir='ltr'>rebus,</span> <span class='ocrx_word' id='word_1_231' title='bbox 586 3157 631 3221; x_wconf 87' lang='lat' dir='ltr'>ita</span> <span class='ocrx_word' id='word_1_232' title='bbox 653 3158 701 3221; x_wconf 88' lang='lat' dir='ltr'>vel</span> <span class='ocrx_word' id='word_1_233' title='bbox 725 3158 862 3222; x_wconf 90' lang='lat' dir='ltr'>numeris</span> <span class='ocrx_word' id='word_1_234' title='bbox 883 3177 1047 3224; x_wconf 89' lang='lat' dir='ltr'>mensurae</span> <span class='ocrx_word' id='word_1_235' title='bbox 1070 3158 1253 3224; x_wconf 87' lang='lat' dir='ltr'>definiendis</span> <span class='ocrx_word' id='word_1_236' title='bbox 1275 3166 1338 3224; x_wconf 86' lang='lat' dir='ltr'>non</span> 
     </span>
     <span class='ocr_line' id='line_1_28' title="bbox 146 3261 1339 3346; baseline 0.008 -26"><span class='ocrx_word' id='word_1_237' title='bbox 146 3269 252 3340; x_wconf 81' lang='lat' dir='ltr'>temper</span> <span class='ocrx_word' id='word_1_238' title='bbox 266 3261 388 3328; x_wconf 91' lang='lat' dir='ltr'>Plinius</span> <span class='ocrx_word' id='word_1_239' title='bbox 410 3279 478 3326; x_wconf 90' lang='lat' dir='ltr'>cum</span> <span class='ocrx_word' id='word_1_240' title='bbox 500 3261 717 3344; x_wconf 89' lang='lat' dir='ltr'>Theophrasto</span> <span class='ocrx_word' id='word_1_241' title='bbox 738 3264 893 3343; x_wconf 87' lang='lat' dir='ltr'>congruit.</span> <span class='ocrx_word' id='word_1_242' title='bbox 937 3265 1001 3329; x_wconf 88' lang='lat' dir='ltr'>larn</span> <span class='ocrx_word' id='word_1_243' title='bbox 1017 3264 1191 3346; x_wconf 88' lang='lat' dir='ltr'>exemplum</span> <span class='ocrx_word' id='word_1_244' title='bbox 1215 3265 1339 3330; x_wconf 86' lang='lat' dir='ltr'>exstitit</span> 
     </span>
     <span class='ocr_line' id='line_1_29' title="bbox 144 3355 1338 3453; baseline 0.01 -28"><span class='ocrx_word' id='word_1_245' title='bbox 144 3359 213 3446; x_wconf 84' lang='lat' dir='ltr'>Xlll,</span> <span class='ocrx_word' id='word_1_246' title='bbox 224 3373 272 3448; x_wconf 84' lang='lat'>57,</span> <span class='ocrx_word' id='word_1_247' title='bbox 300 3366 353 3432; x_wconf 92' lang='lat' dir='ltr'>ubi</span> <span class='ocrx_word' id='word_1_248' title='bbox 383 3367 422 3431; x_wconf 89' lang='lat' dir='ltr'>de</span> <span class='ocrx_word' id='word_1_249' title='bbox 450 3366 526 3432; x_wconf 89' lang='lat' dir='ltr'>ficus</span> <span class='ocrx_word' id='word_1_250' title='bbox 546 3369 719 3449; x_wconf 84' lang='lat' dir='ltr'>Aegyptiae</span> <span class='ocrx_word' id='word_1_251' title='bbox 742 3376 835 3451; x_wconf 86' lang='lat' dir='ltr'>partu</span> <span class='ocrx_word' id='word_1_252' title='bbox 865 3369 1077 3452; x_wconf 87' lang='lat' dir='ltr'>frequentiore</span> <span class='ocrx_word' id='word_1_253' title='bbox 1099 3355 1338 3453; x_wconf 83' lang='lat' dir='ltr'>Theophrastus</span> 
     </span>
     <span class='ocr_line' id='line_1_30' title="bbox 143 3471 1339 3560; baseline 0.006 -27"><span class='ocrx_word' id='word_1_254' title='bbox 143 3471 266 3548; x_wconf 69' lang='lat' dir='ltr'>quidemi</span> <span class='ocrx_word' id='word_1_255' title='bbox 299 3473 353 3536; x_wconf 75' lang='grc' dir='ltr'>καὶ</span> <span class='ocrx_word' id='word_1_256' title='bbox 381 3475 479 3538; x_wconf 75' lang='grc' dir='ltr'><em>τοῦθ’</em></span> <span class='ocrx_word' id='word_1_257' title='bbox 505 3475 542 3538; x_wconf 85' lang='lat' dir='ltr'>ot</span> <span class='ocrx_word' id='word_1_258' title='bbox 566 3480 637 3557; x_wconf 76' lang='grc' dir='ltr'>μὲν</span> <span class='ocrx_word' id='word_1_259' title='bbox 658 3476 738 3554; x_wconf 82' lang='grc' dir='ltr'><em>τρὶς</em></span> <span class='ocrx_word' id='word_1_260' title='bbox 765 3476 802 3539; x_wconf 83' lang='grc' dir='ltr'>οἱ</span> <span class='ocrx_word' id='word_1_261' title='bbox 828 3477 870 3538; x_wconf 78' lang='grc' dir='ltr'>δὲ</span> <span class='ocrx_word' id='word_1_262' title='bbox 898 3476 1107 3550; x_wconf 79' lang='grc' dir='ltr'>πλεονάκις</span> <span class='ocrx_word' id='word_1_263' title='bbox 1135 3478 1218 3560; x_wconf 76' lang='grc' dir='ltr'><strong><em>φασὶ</em></strong></span> <span class='ocrx_word' id='word_1_264' title='bbox 1238 3482 1339 3560; x_wconf 80' lang='grc' dir='ltr'><strong><em>γίγνε-</em></strong></span> 
     </span>
     <span class='ocr_line' id='line_1_31' title="bbox 88 3596 1339 3682; baseline 0.007 -26"><span class='ocrx_word' id='word_1_265' title='bbox 88 3632 91 3645; x_wconf 73' lang='lat'>=</span> <span class='ocrx_word' id='word_1_266' title='bbox 140 3596 220 3675; x_wconf 72' lang='lat' dir='ltr'>oder,</span> <span class='ocrx_word' id='word_1_267' title='bbox 240 3597 360 3661; x_wconf 89' lang='lat' dir='ltr'>Plinius</span> <span class='ocrx_word' id='word_1_268' title='bbox 381 3615 454 3662; x_wconf 90' lang='lat' dir='ltr'>vero</span> <span class='ocrx_word' id='word_1_269' title='bbox 477 3600 593 3664; x_wconf 78' lang='lat' dir='ltr'>tradit:</span> <span class='ocrx_word' id='word_1_270' title='bbox 614 3606 779 3682; x_wconf 64' lang='lat' dir='ltr'>⁸septeno</span> <span class='ocrx_word' id='word_1_271' title='bbox 801 3602 846 3666; x_wconf 92' lang='lat' dir='ltr'>ita</span> <span class='ocrx_word' id='word_1_272' title='bbox 869 3620 1033 3666; x_wconf 88' lang='lat' dir='ltr'>numerosa</span> <span class='ocrx_word' id='word_1_273' title='bbox 1057 3601 1168 3682; x_wconf 90' lang='lat' dir='ltr'>partn’.</span> <span class='ocrx_word' id='word_1_274' title='bbox 1211 3603 1258 3665; x_wconf 85' lang='grc' dir='ltr'>Αιι</span> <span class='ocrx_word' id='word_1_275' title='bbox 1281 3620 1339 3682; x_wconf 90' lang='lat' dir='ltr'>pro</span> 
     </span>
     <span class='ocr_line' id='line_1_32' title="bbox 137 3698 1339 3787; baseline 0.006 -23"><span class='ocrx_word' id='word_1_276' title='bbox 137 3698 298 3777; x_wconf 76' lang='grc' dir='ltr'>πλεονάκις</span> <span class='ocrx_word' id='word_1_277' title='bbox 332 3703 542 3769; x_wconf 85' lang='lat' dir='ltr'>coniciendum</span> <span class='ocrx_word' id='word_1_278' title='bbox 571 3706 710 3771; x_wconf 78' lang='lat' dir='ltr'>videturr</span> <span class='ocrx_word' id='word_1_279' title='bbox 744 3705 901 3781; x_wconf 72' lang='grc' dir='ltr'>ἑπτάκιςι</span> <span class='ocrx_word' id='word_1_280' title='bbox 930 3706 1152 3772; x_wconf 85' lang='lat' dir='ltr'>Difficillimum</span> <span class='ocrx_word' id='word_1_281' title='bbox 1181 3707 1212 3770; x_wconf 92' lang='lat' dir='ltr'>id</span> <span class='ocrx_word' id='word_1_282' title='bbox 1240 3724 1339 3787; x_wconf 86' lang='lat' dir='ltr'>genus</span> 
     </span>
     <span class='ocr_line' id='line_1_33' title="bbox 134 3807 1340 3894; baseline 0.005 -22"><span class='ocrx_word' id='word_1_283' title='bbox 134 3807 203 3874; x_wconf 90' lang='lat' dir='ltr'>locis</span> <span class='ocrx_word' id='word_1_284' title='bbox 219 3816 267 3875; x_wconf 89' lang='lat' dir='ltr'>est</span> <span class='ocrx_word' id='word_1_285' title='bbox 288 3809 382 3888; x_wconf 90' lang='lat' dir='ltr'>dictu,</span> <span class='ocrx_word' id='word_1_286' title='bbox 406 3809 509 3875; x_wconf 87' lang='lat' dir='ltr'>utrum</span> <span class='ocrx_word' id='word_1_287' title='bbox 525 3813 695 3893; x_wconf 88' lang='lat' dir='ltr'>scriptores</span> <span class='ocrx_word' id='word_1_288' title='bbox 711 3810 804 3878; x_wconf 88' lang='lat' dir='ltr'>anrbo</span> <span class='ocrx_word' id='word_1_289' title='bbox 826 3813 909 3878; x_wconf 89' lang='lat' dir='ltr'>inter</span> <span class='ocrx_word' id='word_1_290' title='bbox 928 3831 962 3877; x_wconf 90' lang='lat' dir='ltr'>se</span> <span class='ocrx_word' id='word_1_291' title='bbox 981 3812 1167 3894; x_wconf 87' lang='lat' dir='ltr'>discrepent,</span> <span class='ocrx_word' id='word_1_292' title='bbox 1188 3831 1230 3878; x_wconf 85' lang='lat' dir='ltr'>en</span> <span class='ocrx_word' id='word_1_293' title='bbox 1249 3813 1340 3878; x_wconf 90' lang='lat' dir='ltr'>lectio</span> 
     </span>
     <span class='ocr_line' id='line_1_34' title="bbox 130 3915 1341 4002; baseline 0.002 -21"><span class='ocrx_word' id='word_1_294' title='bbox 130 3915 171 3982; x_wconf 85' lang='lat' dir='ltr'>ait</span> <span class='ocrx_word' id='word_1_295' title='bbox 190 3923 350 3998; x_wconf 88' lang='lat' dir='ltr'>corrupte.</span> <span class='ocrx_word' id='word_1_296' title='bbox 394 3916 509 3982; x_wconf 83' lang='lat' dir='ltr'>Eodem</span> <span class='ocrx_word' id='word_1_297' title='bbox 528 3923 630 3982; x_wconf 89' lang='lat' dir='ltr'>autem</span> <span class='ocrx_word' id='word_1_298' title='bbox 655 3919 730 3999; x_wconf 88' lang='lat' dir='ltr'>iore,</span> <span class='ocrx_word' id='word_1_299' title='bbox 752 3938 812 4002; x_wconf 91' lang='lat' dir='ltr'>quo</span> <span class='ocrx_word' id='word_1_300' title='bbox 831 3919 886 3984; x_wconf 86' lang='lat' dir='ltr'>illa</span> <span class='ocrx_word' id='word_1_301' title='bbox 908 3921 939 3984; x_wconf 92' lang='lat' dir='ltr'>in</span> <span class='ocrx_word' id='word_1_302' title='bbox 954 3918 1167 4002; x_wconf 88' lang='lat' dir='ltr'>Theophrasto</span> <span class='ocrx_word' id='word_1_303' title='bbox 1189 3919 1341 3985; x_wconf 83' lang='lat' dir='ltr'>excidisse</span> 
     </span>
     <span class='ocr_line' id='line_1_35' title="bbox 129 4022 1342 4110; baseline 0.002 -22"><span class='ocrx_word' id='word_1_304' title='bbox 129 4025 308 4107; x_wconf 85' lang='lat' dir='ltr'>opinamur,</span> <span class='ocrx_word' id='word_1_305' title='bbox 331 4022 545 4104; x_wconf 88' lang='lat' dir='ltr'>supplebimus</span> <span class='ocrx_word' id='word_1_306' title='bbox 568 4030 601 4089; x_wconf 92' lang='lat' dir='ltr'>et</span> <span class='ocrx_word' id='word_1_307' title='bbox 623 4044 673 4106; x_wconf 88' lang='lat' dir='ltr'>ea,</span> <span class='ocrx_word' id='word_1_308' title='bbox 704 4044 784 4110; x_wconf 91' lang='lat' dir='ltr'>quae</span> <span class='ocrx_word' id='word_1_309' title='bbox 805 4026 922 4092; x_wconf 90' lang='lat' dir='ltr'>Plinius</span> <span class='ocrx_word' id='word_1_310' title='bbox 949 4027 986 4091; x_wconf 91' lang='lat' dir='ltr'>de</span> <span class='ocrx_word' id='word_1_311' title='bbox 1008 4027 1072 4092; x_wconf 89' lang='lat' dir='ltr'>suci</span> <span class='ocrx_word' id='word_1_312' title='bbox 1096 4026 1260 4092; x_wconf 90' lang='lat' dir='ltr'>dulcedine</span> <span class='ocrx_word' id='word_1_313' title='bbox 1280 4025 1342 4091; x_wconf 88' lang='lat' dir='ltr'>fert</span> 
     </span>
    </p>
   </div>
   <div class='ocr_carea' id='block_1_3' title="bbox 125 4129 1342 4294">
    <p class='ocr_par' dir='ltr' id='par_1_9' title="bbox 125 4129 1342 4294">
     <span class='ocr_line' id='line_1_36' title="bbox 125 4129 1342 4223; baseline -0.002 -25"><span class='ocrx_word' id='word_1_314' title='bbox 125 4138 264 4212; x_wconf 86' lang='lat' dir='ltr'>atquae</span> <span class='ocrx_word' id='word_1_315' title='bbox 289 4129 333 4223; x_wconf 78' lang='lat' dir='ltr'>de</span> <span class='ocrx_word' id='word_1_316' title='bbox 363 4129 539 4195; x_wconf 91' lang='lat' dir='ltr'>nominibus</span> <span class='ocrx_word' id='word_1_317' title='bbox 563 4131 684 4196; x_wconf 86' lang='lat' dir='ltr'>arboris</span> <span class='ocrx_word' id='word_1_318' title='bbox 716 4136 748 4196; x_wconf 89' lang='lat' dir='ltr'>et</span> <span class='ocrx_word' id='word_1_319' title='bbox 778 4133 879 4213; x_wconf 89' lang='lat' dir='ltr'>pomi,</span> <span class='ocrx_word' id='word_1_320' title='bbox 912 4150 1043 4214; x_wconf 88' lang='lat' dir='ltr'>quorum</span> <span class='ocrx_word' id='word_1_321' title='bbox 1071 4134 1102 4196; x_wconf 90' lang='lat' dir='ltr'>in</span> <span class='ocrx_word' id='word_1_322' title='bbox 1126 4131 1342 4215; x_wconf 87' lang='lat' dir='ltr'>Theophrasto</span> 
     </span>
     <span class='ocr_line' id='line_1_37' title="bbox 838 4239 1149 4294; baseline 0 0"><span class='ocrx_word' id='word_1_323' title='bbox 838 4243 840 4248; x_wconf 70' lang='grc'><em>“</em></span> <span class='ocrx_word' id='word_1_324' title='bbox 1132 4239 1149 4294; x_wconf 81' lang='grc'><strong>3</strong></span> 
     </span>
    </p>
   </div>
   <div class='ocr_carea' id='block_1_4' title="bbox 0 0 1494 4696">
    <p class='ocr_par' dir='ltr' id='par_1_10' title="bbox 0 0 1494 4696">
     <span class='ocr_line' id='line_1_38' title="bbox 0 0 1494 4696; baseline 0 0"><span class='ocrx_word' id='word_1_325' title='bbox 0 0 1494 4696; x_wconf 95' lang='lat' dir='ltr'> </span> 
     </span>
    </p>
   </div>
  </div>
 </body>
</html>
