2962 4696
731 319 751 378 9

528 487 701 542 cinnamomo
756 488 934 554 ntea-94

527 572 602 628 mia
770 604 804 613 -
830 573 934 628 95-98

532 658 621 728 cytiso
746 659 970 726 lentico-134
1081 690 1085 697 ·

531 743 632 814 palmis
772 775 800 786 -
828 745 932 800 26-50

530 847 637 900 papyro
769 861 802 872 -
830 832 935 887 68-89

143 947 190 1011 vel
211 947 350 1031 priorum
372 953 521 1013 enarrata
542 950 708 1031 corrigere,
730 955 766 1015 ut
785 967 879 1032 super

518 1080 580 1132 ture
598 1082 627 1133 et
645 1096 740 1134 murra
775 1080 951 1145 ntor-tt

519 1165 668 1220 balsamo·
777 1164 997 1231 mut-123.

144 1278 326 1347 Praetereo*
340 1280 390 1346 hic
420 1283 502 1350 solet
531 1284 655 1350 tabulas
680 1291 713 1350 et
735 1291 849 1350 evento
878 1290 911 1350 et
933 1280 1197 1365 exscriptoribus
1219 1279 1359 1360 priorum

144 1392 302 1468 aetatum,
325 1394 361 1453 ut
382 1388 529 1472 Homero,
552 1390 733 1472 Herodoto,
755 1397 789 1457 et
810 1410 887 1458 suae
907 1391 1024 1457 aetatis
1044 1386 1274 1455 commentariis
1296 1386 1360 1450 sois

144 1495 289 1560 inserere.
332 1494 400 1572 Quo
423 1496 453 1561 in
475 1515 604 1562 numero
626 1502 703 1562 suut
723 1499 828 1580 capita

536 1628 572 1682 de
591 1627 705 1696 platano
753 1629 910 1693 litto-13

536 1714 572 1767 de
590 1714 677 1769 ebeno
763 1716 929 1770 -17-20

540 1798 575 1854 de
592 1799 662 1854 citro
738 1801 814 1867 XIII,
826 1801 972 1855 100-102.

143 1912 189 1978 De
212 1914 446 1982 condicionibus
475 1936 553 1983 suae
580 1921 697 1985 aetatis
726 1922 794 2001 agit
821 1926 931 1985 noster
959 1918 991 1982 in
1015 1919 1155 1981 tractatu
1183 1911 1361 1976 dernensis

144 2020 229 2103 XIII,
239 2027 362 2089 91-99
384 2032 418 2089 et
439 2025 478 2090 de
499 2027 669 2107 unguentis
689 2026 773 2107 Xlll,
790 2030 900 2091 1-25.

225 2128 373 2195 Necnon
396 2132 504 2197 insunt
530 2133 578 2199 his
599 2133 687 2198 libris
708 2152 777 2214 res,
805 2151 886 2216 quas
911 2132 944 2196 iu
964 2135 1072 2213 partes
1100 2127 1193 2206 longe
1216 2125 1359 2189 diversas

146 2239 277 2316 uterque
298 2237 434 2318 scriptor
454 2238 604 2321 explicat,
625 2241 678 2321 qui
699 2240 759 2307 loci
781 2239 864 2304 inira
885 2238 998 2319 singuli
1020 2233 1232 2318 proferentur.

227 2359 314 2438 Quae
328 2368 441 2426 cuncta
454 2363 605 2445 compleri
621 2365 647 2428 si
663 2365 887 2444 distinguimus
897 2362 1037 2444 singulas
1048 2360 1129 2424 Plini
1140 2352 1361 2440 paragraphos

144 2464 187 2530 ad
203 2466 369 2548 rationem,
390 2485 472 2549 quae
493 2470 530 2534 iis
552 2471 718 2536 intercedit
732 2490 799 2537 curn
812 2470 1039 2552 Theophrasto,
1061 2466 1252 2546 colliguntur
1268 2461 1360 2524 haec:

145 2592 185 2652 46
204 2589 475 2673 paragraphorum
497 2595 674 2673 argumenti
694 2595 780 2677 apud
800 2594 887 2660 illum
909 2593 995 2659 nulla
1014 2591 1130 2657 mentio
1152 2589 1199 2666 fit,

147 2700 185 2760 10
205 2698 476 2778 paragraphorum
495 2700 547 2764 ille
564 2701 630 2765 sire
650 2703 776 2766 uomina
796 2706 919 2766 tantum
940 2700 1083 2780 stirpium
1099 2695 1196 2760 habet
1211 2695 1275 2758 sive
1289 2707 1360 2770 per-

206 2821 306 2884 pauca
322 2805 367 2869 iis
389 2805 521 2886 addidit,

145 2916 184 2975 99
206 2910 477 2992 paragraphorum
500 2913 661 2977 materiem
684 2918 805 2978 tractat
826 2913 886 2977 iam
909 2914 985 2995 ipse,
1005 2911 1091 2975 cuius
1109 2913 1258 2973 enarrata
1278 2903 1360 2967 etin

205 3016 308 3082 Plinio
323 3019 534 3099 inveniuntur,
554 3021 607 3084 sod
624 3020 694 3085 huic
711 3028 840 3102 praesto
856 3026 948 3083 erant
963 3017 1065 3082 tontes
1082 3015 1173 3094 longe
1192 3011 1361 3090 uberiores,

148 3128 184 3187 lt
205 3124 395 3206 paragraphi
428 3145 447 3190 e
476 3125 695 3208 Theophrasto
727 3126 820 3190 simul
856 3126 989 3206 aliisque
1020 3120 1198 3188 auctoribus
1236 3134 1360 3197 compo-

206 3232 286 3298 sitae
306 3238 390 3312 sunt,

145 3341 185 3403 36
207 3337 481 3421 paragraphorum
499 3340 633 3404 materia
662 3339 702 3403 ab
725 3345 858 3420 utroque
886 3338 918 3401 in
941 3337 1083 3403 diversas
1111 3339 1222 3417 partes
1244 3336 1361 3394 tracta-

208 3450 263 3509 tur
282 3445 331 3526 (in
354 3444 469 3527 quibus
490 3449 528 3510 25
549 3445 586 3510 de
607 3446 801 3527 ungnentis).

228 3574 340 3657 Itaque
365 3595 442 3658 curn,
464 3579 569 3643 decem
594 3576 812 3659 paragraphos
840 3576 879 3638 de
904 3592 961 3639 suo
989 3572 1109 3637 Plinius
1140 3568 1298 3633 addiderit
1325 3585 1362 3634 ac

144 3682 186 3748 de
207 3682 365 3746 nonnullis
388 3683 462 3748 locis
483 3685 623 3764 exiguis,
649 3683 725 3765 quid
747 3682 933 3746 censendum
956 3680 1014 3759 sit,
1046 3695 1106 3742 non
1128 3677 1208 3740 satis
1229 3680 1361 3753 constet,

148 3795 276 3854 restant
299 3793 338 3854 58
360 3789 553 3872 paragraphi
574 3791 673 3871 Plini,
702 3806 833 3870 quarum
856 3791 1044 3867 argumenta
1065 3791 1179 3848 cuncta
1203 3781 1241 3844 ad
1264 3780 1365 3844 Theo·

148 3894 314 3978 phrastuur
331 3896 437 3960 redire
455 3898 609 3962 videntur.
653 3896 739 3974 Quae
756 3896 783 3958 si
796 3894 986 3976 respicimus,
1004 3891 1199 3973 perspicuum
1219 3896 1267 3952 est
1283 3887 1364 3951 hune

141 4020 183 4067 ex
193 4002 258 4082 illo,
278 4003 339 4067 etsi
355 4004 585 4086 deprompsisse
601 4002 725 4066 videtur
739 4018 940 4084 quaecunque
952 4005 1089 4080 poterat,
1112 4006 1214 4060 tamen
1230 4013 1290 4058 non
1307 4012 1362 4074 per

27 4132 30 4137 ·
142 4114 247 4177 totam
273 4112 438 4176 materiam
463 4109 608 4192 pendere.
660 4109 767 4191 Neque
789 4111 816 4174 is
838 4109 869 4173 in
891 4107 1024 4172 materia
1046 4105 1218 4184 digerenda
1238 4110 1362 4166 secutus
