2962 4696
596 247 601 257 ’
639 262 693 361 ¹an

66 472 128 537 mihi
157 469 285 537 videtur
316 471 558 556 descriptionem
590 474 689 551 innci;
724 491 824 555 neque
854 472 934 538 enim
967 490 1004 537 ea
1034 473 1272 554 promittItura

65 579 228 661 scriptore,
258 579 312 659 qui
342 576 446 643 verbis
477 560 561 643 ‘sane
592 579 673 643 enlm
705 579 843 644 dicamus
876 582 909 643 et
935 577 973 641 de
994 578 1095 644 iunco'
1123 597 1272 645 excusare
1316 658 1319 663 .

64 685 130 763 uult,
154 684 240 766 qnod
258 683 403 749 hocloco
427 685 508 750 iunci
526 703 650 767 quoque
670 685 844 764 htmentio,
865 689 897 748 et
913 681 945 748 id
964 685 1065 749 lacere
1084 685 1272 767 praetendit,
1342 703 1344 707 ·
1451 668 1479 730 ι’

63 793 127 874 quia
149 791 211 883 hoc
231 791 387 856 volumine
408 793 541 856 materia
564 798 793 873 unguentorum
820 795 993 867 tractetur;
1022 793 1144 857 iuncum
1166 797 1273 856 autem

63 899 115 963 alio
132 898 203 963 loco
219 897 352 962 describi
370 897 495 977 colliges
512 915 528 962 e
546 897 666 962 verbis:
682 898 767 962 ‘nihil
783 915 858 978 ergo
874 914 892 961 a
909 897 1020 963 ceteris
1035 897 1093 962 sui
1108 898 1273 979 generis

63 1004 207 1070 differunt
229 1004 369 1085 aspectu'
389 1006 445 1083 (sc.
462 1004 599 1068 calamus
622 1008 655 1068 et
666 1004 796 1084 iuncus)
809 1006 841 1084 ¹).
877 1004 938 1070 Sed
952 1022 988 1068 eo
1005 1020 1152 1069 concesso
1167 1021 1273 1068 veram

63 1128 184 1176 cansam
209 1116 315 1175 tamen
338 1109 433 1174 fuisse
455 1128 492 1186 en
515 1109 733 1191 Theophrasto
756 1110 913 1189 videmus,
946 1109 1029 1191 quod
1050 1111 1083 1175 ιιι
1104 1109 1190 1175 fonte
1210 1128 1273 1175 una
1342 1127 1347 1135 “

64 1216 282 1282 tractabantur
304 1216 441 1282 calamus
463 1223 496 1281 et
517 1217 636 1281 iuncus.
677 1216 721 1281 Et
751 1217 830 1282 hanc
851 1235 916 1282 rem
947 1217 992 1282 ita
1013 1233 1047 1282 se
1068 1216 1185 1282 habere
1208 1235 1273 1282 car-

62 1325 141 1389 nitur
164 1329 199 1388 et
221 1343 260 1388 ex
282 1323 353 1402 XII,
375 1328 424 1402 34,
454 1322 508 1387 ubi
530 1324 603 1387 item
628 1322 666 1387 de
688 1321 786 1387 herba
813 1323 950 1405 quadam
973 1322 1101 1404 dicitur,
1132 1322 1272 1404 quamvis

23 1440 27 1444 ’
63 1449 93 1494 ea
112 1430 286 1495 abhorreat
308 1448 327 1494 a
349 1430 482 1494 materia
504 1435 750 1511 unguentorum,
780 1430 812 1493 in
835 1428 921 1493 fonte
944 1435 1051 1493 tamen
1073 1427 1183 1494 eodem
1206 1428 1272 1494 loco

64 1535 224 1618 descripta.
268 1537 380 1616 Itaque
403 1535 569 1617 descriptio
592 1541 741 1600 accurata
761 1553 865 1618 neque
886 1535 1082 1616 promittitur
1104 1551 1204 1615 neque
1222 1539 1273 1600 est

65 1641 247 1723 requirenda
269 1647 324 1706 aut
349 1659 418 1704 cam
440 1643 470 1705 in
503 1641 590 1705 lonte
618 1639 715 1705 fuisse
745 1659 782 1705 ex
801 1640 1033 1722 Theophrasto,
1063 1640 1117 1705 ubi
1144 1658 1272 1722 prorsus

67 1745 146 1810 deest
147 1742 317 1827 ,credibile
334 1746 427 1811 fit—
387 1748 523 1811 —sicut
538 1765 648 1812 ιοιιιιι
666 1748 861 1812 calamumm
876 1747 960 1812 fonte
975 1747 1070 1811 Iatrus
1082 1746 1272 1828 descriptum

67 1851 151 1918 luisse
180 1871 219 1917 ex
250 1853 351 1918 Plinio
379 1854 546 1935 colligitur.
597 1853 686 1931 Quod
717 1859 772 1918 aut
775 1873 823 1918 em
852 1854 891 1917 de
919 1853 1061 1917 bonitate
1088 1851 1197 1917 calami
1224 1852 1303 1931 bisX
1382 1832 1386 1843 ¹

68 1957 137 2023 idem
160 1959 337 2040 profertur,
360 1960 398 2024 id
430 1960 574 2043 equidem
597 1959 689 2024 aliter
719 1961 917 2041 interpretor.
962 1959 1133 2024 Consuevit
1153 1963 1271 2040 noster,

69 2063 232 2146 ubicunque
253 2064 397 2130 arborem
420 2066 648 2147 descripserat,
674 2071 832 2147 postremo
853 2064 984 2144 addere,
1007 2064 1163 2145 quomodo
1184 2064 1272 2127 adul·

69 2173 176 2235 teretur
198 2173 352 2251 materia,
385 2172 454 2236 dein
477 2173 630 2253 pretium,
663 2172 711 2237 vel
735 2173 761 2235 si
780 2171 873 2253 plura
888 2187 1012 2251 ¹genera
1033 2171 1064 2234 in
1087 2187 1146 2236 usu
1169 2173 1269 2248 erant,

70 2277 190 2341 anulum
219 2279 321 2359 pretia
351 2296 473 2342 summa
503 2295 571 2341 cum
603 2277 766 2358 diligentia
794 2281 931 2341 enotare.
981 2276 1067 2340 Haec
1095 2281 1198 2339 autem
1228 2276 1271 2342 ad

69 2378 152 2460 ipsius
174 2383 257 2449 Plini
286 2389 427 2466 tempora
455 2386 613 2467 pertinere
642 2402 731 2449 nemo
760 2402 822 2449 non
846 2383 948 2463 videt,
980 2400 1055 2464 ergo
1082 2401 1120 2447 ex
1142 2387 1271 2447 auctore

70 2491 106 2552 cui
129 2491 297 2572 descriptio
319 2490 452 2556 debetur
469 2497 538 2556 tota
559 2526 599 2535 -
616 2492 681 2555 sive
702 2492 728 2555 is
751 2489 811 2556 tuit
834 2489 1079 2572 Theophrastus
1101 2492 1167 2555 sive
1187 2491 1269 2556 alius

70 2610 83 2655 e
98 2597 250 2677 prioribus
267 2635 306 2644 -
326 2617 387 2662 non
408 2604 491 2662 sunt.
535 2598 581 2662 Ea
599 2599 741 2679 quaesita
759 2615 829 2661 esse
847 2603 926 2678 puto
945 2597 993 2661 vel
1010 2596 1050 2661 ab
1073 2597 1270 2662 institoribus

70 2706 94 2764 et
109 2705 323 2785 unguentariis
345 2741 386 2751 —
408 2704 579 2769 laudantur
598 2725 618 2770 a
639 2711 747 2770 nostro
769 2705 930 2768 Institores
947 2703 1103 2783 XII‚·103,
1128 2722 1270 2785 unguen-

70 2809 129 2873 tarii
150 2811 221 2890 XII,
241 2815 297 2875 102
318 2815 351 2875 et
374 2815 448 2887 125;
470 2811 553 2890 XIV,
574 2815 648 2888 123;
672 2811 786 2891 XXXI,
805 2816 859 2892 913
883 2812 954 2890 XII,
974 2815 1013 2875 83
1035 2810 1139 2891 ‘periti
1157 2812 1270 2875 rerum'

13 2968 17 2975 .
70 2922 130 2979 unt
150 2915 304 2980 iidem—
327 2917 375 2981 vel
398 2917 482 2999 quod
505 2917 647 2998 equidem
669 2916 826 3000 praefero,
850 2917 968 2982 alibro
989 2915 1127 2998 quodam
1148 2918 1270 2999 aequali

10 3110 12 3115 Ι
70 3018 99 3084 de
127 3024 295 3104 ungnentis
326 3025 506 3105 composito
560 3025 731 3104 Eqnoe
733 3025 808 3089 tiam
840 3029 959 3089 tractat
946 3030 996 3089 tus
1031 3023 1070 3088 de
1101 3028 1242 3104 unguent
1243 3023 1270 3087 is

69 3126 152 3212 (XIII,
176 3129 353 3211 l-tblet
321 3148 574 3213 equaecunque
596 3130 712 3195 alicubi
740 3130 778 3194 de
802 3131 910 3195 eadem
936 3149 971 3195 re
999 3130 1140 3211 produnt
1140 3149 1178 3194 ur
1198 3148 1270 3211 per·

69 3237 153 3301 nnita
182 3237 300 3302 hausta
329 3242 413 3302 sunt.
461 3237 635 3322 Vestigium
662 3238 730 3302 eins
761 3237 833 3301 libri
866 3237 1020 3301 invenisse
1054 3236 1113 3300 sibi
1145 3236 1271 3301 videtur
1380 3293 1383 3296 .
1469 3291 1473 3295 .

68 3339 192 3424 billigius
212 3344 254 3408 ad
274 3343 355 3408 Plin.
377 3344 464 3424 XIII,
483 3349 519 3422 5,
551 3343 602 3408 ubi
633 3344 671 3409 de
700 3344 855 3409 nonnullis
885 3345 1050 3424 unguentIs
1080 3360 1182 3408 sermo
1204 3348 1269 3407 ast:
1334 3429 1337 3434 -

67 3442 279 3531 ‘transscripsIt
304 3450 379 3516 haec
400 3451 522 3515 Plinius
544 3469 583 3515 ex
604 3451 762 3532 Apollonii
794 3446 922 3532 (quiin
951 3450 1053 3515 indice
1083 3449 1173 3515 huius
1196 3450 1269 3515 libri

69 3557 134 3619 nale
148 3556 354 3647 Apollodorus
376 3557 502 3639 dicitur)
524 3559 603 3622 libro
626 3558 663 3622 de
685 3558 834 3624 odoribus
855 3576 904 3640 ap.
916 3556 1030 3623 Athen.
1041 3558 1108 3623 XV.
1122 3577 1150 3639 p.
1164 3562 1224 3622 688
1233 3559 1268 3622 e'.

17 3740 21 3746 .
69 3657 102 3724 tt
121 3665 171 3743 qui
194 3664 373 3728 accuratius
395 3663 475 3728 Plini
497 3670 530 3728 et
551 3663 704 3728 Athenaei
727 3665 823 3728 verba
843 3665 1080 3745 comparaverit,
1111 3665 1268 3729 videhIta

20 3812 25 3817 .
69 3779 210 3833 consensu
230 3770 398 3851 scriptores
419 3770 510 3851 longe
531 3771 642 3835 abesse
673 3771 771 3852 adeo,
801 3775 838 3835 ιιι
864 3789 917 3836 eos
940 3772 1023 3836 inter
1043 3789 1078 3836 se
1099 3772 1268 3836 cohaerere

69 3869 109 3935 nix
122 3873 192 3954 poni
208 3876 318 3955 possit.
361 3876 459 3939 Immo
475 3876 657 3958 Apollodori
674 3895 785 3942 nomen
802 3877 869 3941 iure
889 3878 1006 3941 servari
1024 3877 1106 3941 inter
1123 3883 1267 3942 auctores

25 3990 28 3995 ι
71 3976 249 3995 Ἢ-

10 4072 15 4079 .
126 4021 150 4087 ll
173 4020 271 4075 iuncus
296 4021 461 4076 describitur
484 4022 559 4086 XXI,
574 4023 623 4076 112
647 4041 707 4098 sqq.
737 4040 771 4078 ex
795 4024 927 4093 Magone,
962 4024 1035 4079 unde
1067 4020 1210 4091 colligitur
1233 4021 1267 4077 de

71 4103 151 4159 adem
168 4125 199 4161 re
216 4107 332 4171 diversis
351 4108 429 4162 libris
448 4108 570 4163 diuersos
588 4113 714 4166 auctores
731 4127 749 4164 a
765 4109 856 4164 Phnio
874 4106 1008 4181 usurpari.
