2962 4696
801 285 841 344 22

213 452 392 535 plantarum
420 456 491 522 usui
517 475 577 522 non
607 457 703 524 fuisse
727 458 760 524 in
782 458 862 522 Plini
884 459 922 523 de
944 457 1111 522 arboribus
1133 459 1308 540 peregrinis
1330 459 1429 537 libris,

101 560 106 567 '
214 561 381 628 verisimile
401 561 438 626 fit
456 562 585 628 eandem
603 582 643 629 ne
658 564 688 628 in
704 565 817 630 ceterIs
832 565 955 645 quidem
974 565 1126 629 universis
1143 565 1303 646 scrIptoris
1320 564 1429 629 nostri.

214 669 327 752 lonae
357 669 432 734 mihi
465 687 528 736 non
558 670 642 737 lloet'
660 677 841 737 contentum
871 688 941 735 esse
972 672 1072 751 capIte
1102 689 1199 751 supra
1232 671 1343 736 collato
1374 672 1430 736 sed

214 775 437 858 perlustranda
461 783 537 843 sunt
557 785 662 844 cetera
684 777 787 844 omnia
809 782 866 841 ant
888 775 1000 842 saltem
1022 794 1127 841 eorum
1150 777 1250 840 mator
1272 796 1429 842 numerus.

297 882 488 964 Priusquam
523 890 628 950 autem
658 884 738 949 hane
775 883 925 948 adeamus
956 883 1185 965 quaestionem,
1226 901 1352 948 necesse
1380 889 1431 948 est

216 980 386 1070 disserere,
414 989 488 1070 quid
510 1008 624 1071 operae
646 994 752 1054 noster
774 989 806 1053 in
826 987 875 1052 his
897 987 984 1053 libris
1005 989 1250 1070 consumpserit,
1276 995 1309 1052 et
1329 990 1355 1053 si
1378 1008 1431 1070 op-

215 1095 379 1178 probrium
408 1095 520 1160 nimiae
548 1094 758 1160 festinationis
779 1095 970 1175 minorisque
990 1093 1169 1174 diligentiae
1198 1096 1293 1158 etiam
1316 1094 1356 1159 de
1384 1094 1432 1159 his

171 1264 178 1287 ,
214 1202 303 1268 librIs
313 1203 469 1267 sustinere
486 1202 517 1266 in
531 1202 635 1267 animo
653 1206 712 1282 est,
727 1201 759 1265 id
777 1201 872 1266 certiS
884 1200 1070 1265 testimoniis
1084 1200 1431 1265 estdemonstrandum.

215 1309 358 1375 Profecto
387 1307 446 1373 diei
474 1307 525 1372 ille
547 1314 716 1389 potestne
738 1309 769 1372 in
790 1308 840 1372 his
862 1306 986 1389 quidem
1009 1307 1095 1371 libris
1118 1307 1230 1371 nimiae
1251 1306 1431 1388 diligentiae

215 1433 290 1481 reus
311 1414 389 1481 fieri.
429 1415 495 1479 Iam
517 1432 615 1496 supra
638 1415 755 1480 mentio
776 1413 861 1478 faeta
882 1420 931 1478 est
952 1413 1072 1495 balani,
1103 1430 1197 1494 quam
1220 1413 1307 1494 XIII,
1321 1418 1358 1477 ol
1382 1413 1433 1479 hie

215 1521 318 1586 obiter
339 1526 574 1600 commemorat,
594 1539 661 1585 cum
684 1521 745 1584 iam
767 1525 862 1585 antea
882 1538 949 1584 eam
972 1518 1173 1600 descripsisse
1194 1519 1258 1601 sibi¹
1276 1520 1432 1601 videatur,

216 1646 317 1709 neque
334 1628 432 1692 sentit
445 1626 538 1706 longe
554 1627 695 1692 diversas
705 1644 774 1691 esse
792 1625 930 1704 arbores,
952 1624 1076 1708 quibus,
1094 1631 1130 1690 ut
1147 1625 1214 1690 Iere
1233 1625 1329 1690 fiebat
1347 1626 1433 1706 apud

216 1737 356 1814 veteres,
385 1732 425 1797 ab
447 1716 719 1798 aliis'auetoribus
740 1732 820 1796 idem
842 1749 953 1795 nomen
977 1731 1083 1795 datum
1107 1737 1185 1796 erat.
1228 1731 1326 1808 Quam
1351 1733 1432 1795 enim

219 1838 455 1920 Theophrastus
486 1845 578 1903 vocat
610 1838 756 1903 balanum
791 1838 901 1917 (nuncz
935 1835 1176 1917 Hyperanthera
1206 1837 1363 1918 Moringa)
1394 1856 1433 1902 ea

216 1946 299 2011 inter
329 1945 560 2026 morIngaoeas,
596 1962 675 2025 quae
707 1949 874 2024 vocantur,
912 1943 1053 2023 ducitur,
1089 1943 1200 2022 quibus
1230 1943 1355 2009 habitus
1384 1950 1434 2009 est

216 2051 498 2134 papilionacearum
529 2050 744 2131 apalmarum
771 2068 920 2131 perquam
948 2049 1077 2113 alienus.
1126 2050 1226 2113 Porro
1249 2049 1275 2113 si
1297 2048 1433 2129 pistacia

218 2157 371 2239 (Pistacia
392 2176 468 2222 vera
489 2155 539 2239 L.)
562 2156 634 2238 bulo
656 2156 751 2238 ‘nota‘
771 2162 852 2230 erat,
871 2161 908 2220 ut
928 2173 946 2219 e
967 2155 1058 2236 XIII,
1074 2159 1109 2218 51
1134 2154 1276 2220 concludi
1298 2155 1433 2236 videtur,

217 2263 462 2344 exspectandum
491 2262 552 2326 fuit
573 2280 634 2326 non
656 2261 804 2342 effugisse
826 2279 914 2340 eum,
942 2261 1027 2341 quod
1049 2262 1111 2325 iam
1132 2261 1209 2341 XII,
1230 2261 1270 2326 25
1300 2261 1434 2327 eandem

218 2369 360 2433 arborem
383 2369 510 2432 —sine
536 2368 659 2432 nomine
685 2368 810 2447 quidem
835 2401 874 2412 -
895 2366 1114 2448 descripserat.
1158 2366 1234 2431 Ourn
1257 2367 1375 2431 Plinius
1400 2373 1434 2431 et

219 2474 275 2538 hos
297 2473 413 2554 libros,
434 2481 469 2538 ut
491 2490 586 2554 supra
608 2472 856 2539 demonstratum
876 2479 940 2554 est,
970 2473 1197 2552 composuisset
1218 2473 1308 2537 nixus
1330 2473 1432 2538 indIce

218 2586 401 2645 notatarum
418 2586 504 2645 certo
524 2578 651 2656 consilio
669 2579 896 2658 ordinatorum,
916 2578 969 2642 vix
987 2577 1055 2643 fieri
1076 2579 1217 2658 potuisse
1235 2584 1375 2659 putares,
1395 2585 1433 2642 ut

219 2686 351 2751 eandem
387 2686 530 2750 arborem
568 2684 675 2749 eodem
706 2684 785 2749 libro
822 2684 953 2748 diversis
986 2683 1060 2748 locis
1096 2689 1259 2769 tractaret.
1317 2685 1435 2748 Tamen

135 2784 138 2791 ’
220 2796 310 2855 tanta
332 2791 460 2856 levitate
481 2808 556 2856 usus
574 2788 612 2854 de
631 2789 775 2872 ‘styrace'
794 2788 841 2854 bis
865 2789 948 2871 (XII,
967 2794 1003 2854 81
1029 2796 1062 2853 et
1086 2787 1260 2871 124-125)
1277 2789 1435 2872 disseruit,

219 2916 256 2961 en
281 2898 405 2962 diverso
420 2898 586 2983 dumtapat
606 2895 707 2973 lonte3
729 2895 834 2976 priore
855 2895 934 2976 loco,
956 2899 993 2959 ut
1015 2913 1081 2959 sum
1096 2895 1294 2976 probaturus
1318 2895 1436 2973 eluba,

219 3001 318 3067 altero
347 3001 483 3067 fortasse
510 3020 549 3067 ex
576 3001 786 3081 unguentario
814 3001 958 3081 quodam.
1000 3000 1042 3064 Et
1070 3001 1261 3065 monendum
1289 3006 1339 3065 est
1367 3005 1435 3064 tum

219 3108 346 3173 odorem
361 3108 519 3189 designari
540 3125 652 3188 acrem,
676 3114 743 3172 tum
761 3126 799 3172 ex
816 3112 945 3171 austero
967 3106 1141 3171 iucundum.
1184 3106 1241 3170 His
1264 3105 1339 3170 locis
1357 3105 1436 3169 mihi

219 3231 404 3296 persuasum
434 3221 484 3279 est
515 3213 630 3279 librum
663 3213 879 3278 duodecimum
908 3219 981 3294 post
1014 3215 1202 3294 scripturam
1230 3213 1362 3294 prImam
1394 3212 1435 3276 ab

220 3327 346 3386 auctore
368 3339 429 3385 non
446 3339 515 3385 esse
536 3325 751 3385 retractatam.
793 3319 874 3384 Nam
896 3319 923 3384 si
945 3338 1004 3386 nou
1027 3321 1151 3401 saepius
1174 3318 1268 3382 semel
1288 3319 1438 3382 iterasset

221 3427 376 3508 laborem,
405 3427 437 3492 In
465 3428 523 3492 hoc
550 3429 577 3492 ei
608 3426 823 3492 offendendum
850 3426 919 3491 fult.
962 3425 1031 3490 Non
1054 3425 1169 3490 desunt
1196 3430 1301 3489 cetera
1323 3425 1438 3489 menda

221 3534 442 3599 festinationis.
500 3534 646 3614 Legimus
682 3533 758 3613 XII,
787 3537 823 3596 9:
865 3532 1061 3613 ,Celebratae
1089 3532 1200 3614 sunt1)
1240 3533 1371 3612 prImum
1403 3533 1437 3595 iu

221 3640 431 3707 ambulatione
460 3640 645 3706 Academiae
671 3640 802 3705 AtheniS
832 3639 1006 3704 cubitorum
1036 3638 1172 3703 XXXIII
1198 3638 1303 3705 radice
1331 3656 1437 3702 ramos

293 3834 320 3903 l)
337 3834 391 3889 Pro
407 3836 568 3904 ,celebratae
585 3837 655 3889 sunt'
667 3834 791 3905 Silligius
807 3837 915 3888 secutus
927 3833 1147 3903 Theophrastum
1166 3831 1211 3901 (cf.
1227 3831 1309 3886 etiam
1324 3829 1439 3884 Varron.

223 3937 273 3974 r.r.
285 3919 306 3983 l,
316 3920 348 3973 at
364 3923 403 3988 ,ut
415 3919 621 3988 Theophrastus
634 3920 743 3986 scribat,
763 3920 881 3974 Athenis
897 3919 925 3972 in
935 3919 1032 3989 Lyceo,
1050 3936 1112 3973 cum
1131 3917 1215 3973 etiam
1229 3921 1295 3971 tunc
1309 3915 1440 3984 platanus

223 4006 333 4059 novella
348 4010 427 4070 asset,
447 4005 553 4060 radices
565 4005 650 4060 trium
665 4009 694 4060 et
706 4004 824 4075 triginta
835 4003 990 4059 cubitorum
1004 4004 1111 4074 egisse’)
1123 4001 1280 4058 emendavit
1294 3999 1441 4068 ,celebrata

224 4098 283 4151 est'.
318 4097 447 4152 Mundum
468 4099 559 4152 ortum
577 4096 687 4152 videtur
708 4097 780 4152 falsa
798 4095 976 4150 distinctione
994 4095 1069 4151 facta
1086 4111 1120 4149 ex
1141 4093 1259 4150 lectione
1278 4087 1440 4160 ¹celebratus
