2962 4696
687 286 719 351 ll

93 455 227 520 sentiet
247 455 371 536 septimi
393 456 449 539 (de
471 457 621 539 stirpibus
644 458 775 523 inmari
798 456 1014 540 nascentibus)
1044 458 1222 540 fragmenta
1242 459 1312 542 qui-

16 638 19 643 ,
91 563 161 627 dem
192 560 279 642 apud
312 560 743 646 nostrumllllll,135sqq.)
773 565 990 648 inveniuntur,
1024 564 1080 630 sed
1113 564 1205 646 plura
1237 571 1312 653 suut

90 669 216 734 omissa.
268 669 400 734 Omnino
431 677 467 734 ut
497 688 559 735 non.
587 671 744 752 permulta
780 671 834 736 illa
865 689 1115 750 commemorem,
1153 688 1235 752 quae
1263 671 1313 736 hio

36 792 39 797 ·
91 775 278 856 repudiasse
306 776 440 858 videtur,
474 778 639 859 perpaucis
672 779 810 858 exceptis
840 777 995 859 capitibus
1033 795 1114 841 unus
1141 777 1182 841 ad
1204 795 1312 842 unam·
1343 844 1348 859 Ι

92 900 251 964 quamque
274 900 338 946 rem
361 882 570 964 Theophrasti
593 884 680 949 locus
703 884 851 965 pertinet,
874 883 1018 968 quamvis
1039 882 1181 964 plurimis
1202 883 1310 949 eadem

92 989 132 1053 ab
165 988 219 1053 illo
240 993 378 1054 tractata
405 990 456 1054 sit.
501 991 570 1069 Qua
601 1008 635 1055 re
665 989 801 1068 Plinius,
830 1007 899 1054 cum
931 995 1053 1055 constet
1076 1006 1146 1053 eum
1169 990 1313 1070 catalogo

91 1100 278 1160 potatorum
299 1114 390 1160 usum
412 1114 490 1176 esse,
514 1096 646 1177 speciem
669 1096 803 1177 praehet
817 1096 916 1160 multa
936 1097 966 1160 iu
979 1095 1198 1177 Theophrasto
1220 1114 1312 1176 repu-

94 1201 217 1282 diandi,
234 1200 327 1283 quod
357 1220 411 1267 cur
437 1201 546 1267 iecerit
575 1222 637 1266 uon
667 1201 777 1285 liquet.
821 1203 919 1279 Quam
951 1220 1016 1265 rem
1038 1203 1218 1283 priusquam
1241 1203 1313 1267 sub-

94 1307 180 1372 tilius
207 1326 448 1392 persequamur,
482 1310 521 1374 de
552 1309 629 1374 locis
661 1308 818 1399 agendum
849 1316 911 1387 est,
944 1309 1057 1392 quibus
1086 1315 1118 1372 et
1139 1307 1257 1372 Plinius
1280 1316 1313 1372 et

92 1413 328 1498 Theophrastus
350 1417 527 1498 concinunt,
547 1417 628 1482 unde
650 1423 683 1495 et
703 1416 775 1481 huic
799 1416 844 1480 rei
866 1416 920 1491 lux
943 1415 1102 1480 afferetur.
1234 1423 1237 1428 “

175 1521 210 1584 lu
233 1520 411 1586 ordinanda
430 1523 561 1588 materia
579 1523 715 1589 Plinium
737 1542 798 1587 nou
815 1521 1024 1603 Theophrasti
1045 1520 1206 1584 consilium
1224 1539 1311 1585 secu-

94 1632 157 1691 tum
180 1645 249 1692 esse
273 1627 333 1691 iam
356 1646 452 1709 supra
474 1629 589 1695 dictum
611 1635 669 1695 est.
714 1629 832 1693 Tamen
857 1646 914 1709 per
930 1627 1091 1708 quandam
1113 1626 1217 1706 operis
1240 1645 1310 1707 par-

92 1739 155 1797 tem
178 1733 263 1797 illius
284 1733 425 1798 ordinem
449 1736 604 1814 servavit,
626 1754 758 1817 cumque
780 1734 864 1799 nullo
886 1734 947 1798 allo
970 1733 1038 1798 loco
1063 1734 1094 1796 id
1114 1732 1230 1797 iactum
1257 1733 1310 1811 sit,

89 1839 148 1903 hac
170 1846 262 1921 parte
282 1847 357 1906 aute
379 1847 502 1905 ceteras
520 1859 589 1906 curn
611 1840 696 1905 illius
728 1841 829 1904 verbis
860 1839 994 1920 collata,
1027 1839 1103 1920 quid
1136 1838 1311 1902 intercedat

91 1945 174 2008 inter
205 1952 371 2026 utrumqne
402 1964 554 2027 quaerere
587 1947 660 2011 mihi
691 1948 721 2010 in
753 1948 856 2011 animo
886 1953 944 2010 est.
988 1947 1047 2010 Hic
1069 1946 1151 2009 enim
1174 1945 1310 2026 scriptor

94 2055 210 2115 tractat
232 2042 451 2130 hillini-65
474 2032 607 2118 arbores
627 2053 762 2134 Aegypti
785 2052 957 2134 complures
987 2070 1048 2132 qua
1069 2051 1176 2115 eadem
1198 2069 1232 2113 re
1252 2052 1310 2114 iru-

89 2155 195 2237 pletur
216 2155 428 2237 Theophrasti
445 2158 475 2223 h.
487 2158 529 2240 pl.
553 2158 622 2223 libri
643 2158 750 2239 quarti
770 2163 865 2238 caput
885 2156 1028 2221 alterum.
1070 2156 1173 2221 Verba
1193 2156 1310 2220 utrius-

89 2280 150 2343 que
171 2266 247 2327 suut
264 2261 395 2345 haec¹):

151 2391 230 2456 Plin.
253 2411 283 2457 u.
299 2391 333 2457 h.
354 2392 441 2475 XIII,
463 2397 603 2458 stt-os:
815 2391 970 2474 Theophr.
992 2392 1020 2456 h.
1043 2391 1084 2473 pl.
1108 2392 1160 2470 IV,
1175 2395 1210 2455 2:

90 2491 154 2570 (56)
183 2489 226 2554 Et
247 2491 392 2572 Aegypto
419 2491 519 2556 mulla
547 2510 674 2572 genera,
723 2494 769 2576 (l)
797 2494 849 2556 Ἐν
870 2490 1022 2572 Αἰγύπτῳ
1044 2489 1105 2572 γάρ
1127 2493 1217 2553 ἐστιν
1240 2487 1309 2551 ἴδια

89 2606 169 2669 quae
181 2607 244 2653 non
254 2589 448 2669 aliubi‚··ante
460 2592 564 2655 omnia
577 2590 673 2656 ficus
723 2591 844 2673 δένδρα
865 2589 984 2668 πλείω,
1015 2585 1037 2674 ἥ
1066 2611 1102 2650 τε
1133 2586 1309 2668 συκάμινος

90 2693 130 2758 ob
143 2694 175 2758 id
187 2695 345 2778 Aegyptia
356 2673 675 2777 cognominata-ff
722 2690 777 2752 καῖ
804 2690 826 2773 ἡ
855 2695 982 2771 neposne
1008 2686 1190 2768 καλουμένη
1212 2685 1265 2746 καὶ
1287 2683 1308 2766 ἡ

89 2791 146 2855 bor
177 2810 267 2858 moro
297 2794 407 2860 similis
436 2793 527 2874 lolio,
555 2797 674 2877 magui·
722 2786 865 2870 βάλανος
886 2787 940 2849 καὶ
959 2785 980 2869 ἦ
995 2781 1131 2849 ἄκανθα
1149 2784 1203 2847 nal
1226 2784 1306 2864 ἕτερ’

91 2888 207 2971 tudine,
222 2895 370 2971 aspectu3
391 2910 517 2973 pomum
534 2892 596 2959 lert
612 2913 673 2959 non
722 2883 817 2951 ἄττα.
836 2884 929 2950 Ἔστι
941 2886 979 2948 δὲ
992 2885 1012 2969 ἡ
1025 2889 1086 2966 μὲν
1099 2882 1309 2982 “Q

89 2987 185 3051 ramis
216 2988 273 3053 sed
304 2990 434 3070 caudice
464 2993 547 3076 ipso,
579 2993 674 3075 idque
723 2993 941 3076 παραπλησία
976 3014 1045 3065 πως
1082 2993 1124 3072 τῇ
1157 2992 1308 3052 ἐνταῦθα

88 3084 166 3150 licus
195 3092 246 3152 est
271 3088 449 3169 praedulcis
475 3093 542 3163 siue
567 3096 674 3172 granis
724 3096 904 3173 συκαμίνῳ·
943 3091 997 3153 καὶ
1023 3091 1085 3172 γάρ
1114 3090 1152 3151 τό
1184 3087 1308 3171 φύλλον

88 3185 307 3268 interioribus,
350 3207 500 3271 perquam
539 3191 673 3258 fecundo
724 3190 908 3273 παρόμοιον
937 3193 1005 3269 ἔχει
1030 3191 1085 3252 καὶ
1109 3190 1147 3251 τό
1169 3187 1308 3269 μέγεθος

87 3291 253 3366 proventu,
278 3288 446 3370 scalpendo
468 3295 592 3356 tantum
612 3290 675 3355 fer·
724 3290 778 3352 καὶ
799 3289 859 3372 τήν
877 3285 954 3370 ὅλην
972 3288 1154 3378 πρόσοψιν,
1176 3287 1244 3350 τόν
1266 3287 1308 3349 δὲ

92 3387 156 3451 reis
171 3385 340 3467 unguibus,
363 3388 456 3455 aliter
477 3409 540 3455 non
557 3395 677 3455 matur·
725 3393 886 3473 καρπόν
913 3388 1027 3461 ἰδίως
1054 3397 1173 3470 φέρει
1195 3385 1307 3465 παρά

89 3484 179 3551 escit.
213 3486 279 3567 (57)
302 3486 364 3552 Sed
387 3506 456 3554 cum
477 3490 536 3554 hoc
557 3488 675 3555 factum
725 3491 774 3555 toi
798 3487 903 3555 ἄλλα
926 3488 1125 3568 καθάπερ
1151 3486 1307 3567 ἐλέχθη

89 3591 156 3663 est,
190 3590 304 3665 quarto
335 3586 385 3652 die
417 3587 584 3654 demetitur
614 3589 675 3653 alio
724 3591 786 3653 καὶ
809 3592 848 3653 ἐν
871 3593 952 3662 τοῖς
973 3589 1015 3663 ἐξ
1035 3586 1161 3674 ἀρχῆς·
1188 3585 1227 3648 od
1247 3587 1307 3667 γάρ

90 3683 309 3765 subnascente,
322 3704 361 3752 se
392 3688 677 3752 tenoitnuume·
725 3690 804 3753 a’nd
827 3691 900 3751 τῶν
925 3687 1105 3768 βλαστών
1134 3684 1213 3748 οὐδ’
1236 3685 1307 3747 α’πὸ

161 3898 187 3962 1)
205 3898 259 3953 Per
276 3914 372 3955 omues
391 3900 568 3967 collationes,
596 3903 734 3970 quotquot
760 3904 924 3970 sequentur,
952 3918 1074 3969 eaquae
1097 3901 1126 3954 in
1144 3898 1233 3953 altero
1251 3915 1308 3952 non

88 3981 267 4052 reperiuntur
284 3983 385 4040 litteris
404 3986 544 4042 distractis
562 3991 783 4056 expromptum,
809 4005 880 4055 quae
899 4004 963 4041 vero
982 3986 1017 4041 ab
1036 3985 1152 4040 alterius
1169 3981 1308 4037 sententia

88 4070 131 4126 vol
150 4072 319 4140 argumento
337 4071 518 4138 abhorreant,
538 4072 612 4128 linea
629 4074 772 4142 supposita
789 4074 936 4128 indicatur.
