2962 4696
719 318 758 378 25

127 489 358 571 ineptissimum
386 507 520 555 errorem
541 490 620 554 Plini
641 497 738 557 notat
759 488 928 556 Schneider
956 491 993 572 (t.
1010 491 1065 570 ΙΙΙ,
1093 507 1124 570 p.
1143 484 1235 567 315),
1264 487 1346 569 quod

128 595 153 660 is
188 595 292 660 verbis
326 593 425 660 fontis
462 596 573 668 leviter
604 598 761 678 percursis
789 597 903 678 legerit
935 596 1016 660 male
1054 595 1090 659 ἐν
1118 598 1253 679 Σπανίᾳ
1283 616 1349 659 ave.

127 702 218 779 tluod
258 701 398 781 quamvis
435 703 633 784 perspicuum
673 706 733 785 sit,
769 703 862 769 aliter
900 702 1017 768 iudicat
1051 700 1267 782 Gutschmidt',
1305 699 1349 782 (in

130 826 203 872 ann.
227 807 334 888 philol.
356 808 457 889 suppl.
479 810 526 890 ΙΙ,
556 829 585 891 p.
609 815 666 874 183
685 829 735 892 qu.
755 809 838 893 sqq.)
866 810 917 891 qui
939 827 997 890 pro
1017 807 1190 889 ‘Hispania’
1220 807 1352 871 coniecit

129 913 326 995 ,Cispadana’
347 920 473 994 praeter
497 914 747 998 Theophrastum
777 916 878 981 altero
901 933 1025 997 quoque
1053 913 1110 977 hoc
1132 912 1200 977 loco
1222 918 1368 978 auctore.

131 1039 222 1084 nsum
257 1037 326 1084 esse
354 1020 488 1085 Plinium
521 1028 626 1104 ratus,
658 1040 747 1103 qoem
777 1023 922 1104 opinatur
952 1021 1099 1100 Trogum.
1148 1019 1249 1084 Aliter
1279 1037 1352 1083 vero

132 1125 313 1191 Theodorus
337 1127 405 1190 Birt
426 1127 459 1205 (l.
481 1128 501 1191 l.
521 1147 552 1208 p.
572 1129 643 1210 138)
672 1130 724 1210 qui
746 1129 880 1210 primum
907 1127 1030 1210 quidem
1053 1144 1172 1192 summa
1198 1127 1276 1190 eum'
1290 1125 1353 1188 evi·

133 1231 239 1296 dentia
262 1233 327 1297 veri
355 1234 446 1298 nixus
477 1239 565 1299 textu
590 1235 827 1316 Theophrasteo
856 1234 961 1298 verbis
991 1250 1059 1314 ‘nec
1081 1283 1089 1297 .
1114 1283 1121 1298 .
1146 1231 1353 1312 ‚augescere’

133 1338 172 1402 ad
195 1340 416 1404 antecedentes
439 1342 549 1405 tractis
565 1341 691 1406 scribit:
713 1360 779 1422 tnec
800 1341 942 1422 potuisse
968 1389 974 1402 .
1000 1390 1007 1405 .
1031 1389 1038 1403 .
1061 1356 1228 1420 augescere
1245 1338 1352 1402 aiunt.

138 1445 196 1509 Sed
216 1445 300 1526 quod
320 1448 425 1526 pergit
446 1446 642 1512 emendando
659 1447 821 1529 ,Spanias’,
841 1465 890 1527 ea,
911 1447 938 1512 si
958 1453 1043 1511 recte
1062 1445 1219 1526 intellego,
1242 1444 1353 1509 ductus

139 1551 304 1630 sententia,
327 1558 363 1616 ut
378 1553 536 1618 existimet
547 1554 682 1618 Plinium
696 1546 902 1636 Theophrasti
920 1572 1026 1619 vocem
1047 1557 1195 1617 σπανίαν
1206 1551 1353 1616 hahuisse

140 1675 192 1737 pro
204 1659 327 1722 nomine
338 1660 474 1739 proprio,
499 1660 528 1723 id
552 1667 600 1724 est
619 1679 677 1742 pro
699 1661 827 1725 nomine.
844 1661 969 1741 generis
990 1659 1148 1724 cuiusdam
1162 1659 1353 1740 plantarum,

140 1765 165 1827 vi
181 1765 265 1831 uocis
284 1765 364 1829 male
380 1765 551 1845 intellecta,
571 1767 602 1830 id
624 1766 708 1847 quod
731 1766 886 1830 interdum
908 1767 1007 1831 Plinio
1029 1766 1141 1831 accidit
1160 1801 1198 1810 -
1213 1765 1353 1845 quamvis
1449 1824 1453 1829 .

140 1871 336 1950 sagacissime
356 1871 385 1934 id
409 1872 451 1935 sit
472 1873 699 1954 excogitatum,
720 1871 803 1937 haud
827 1873 892 1937 scio
910 1891 950 1936 an
975 1872 1151 1936 necessaria
1170 1890 1231 1935 non
1253 1872 1296 1934 sit
1317 1888 1354 1934 ea

140 1976 322 2041 emendatio.
366 1977 440 2040 Mihi
465 1977 588 2058 quidem
609 1978 754 2043 videntur
774 1978 806 2043 in
827 1978 907 2042 Plini
929 1981 1015 2043 lonte
1036 1997 1085 2042 res
1108 1997 1169 2041 non
1191 1979 1237 2041 ita
1257 1975 1353 2040 luisse
1451 1995 1453 1999 ¹

141 2089 302 2146 enarratae
323 2089 357 2147 nt
379 2084 411 2148 in
432 2084 657 2166 Theophrasto,
681 2085 734 2148 sed
756 2103 792 2151 eo
810 2084 919 2148 ordine
936 2103 996 2172 quo
1014 2085 1080 2164 ipse
1103 2083 1202 2147 utitur
1220 2083 1355 2163 scriptor

142 2193 253 2253 noster.
299 2189 377 2252 Nam
399 2207 463 2269 qua
486 2198 557 2254 erat
578 2190 793 2271 festinatione,
814 2191 867 2254 vix
889 2191 1028 2269 intellegi
1051 2198 1169 2271 potest,
1191 2207 1247 2253 eur
1271 2188 1353 2252 hunc

142 2292 235 2357 locum
252 2292 299 2358 ita
310 2298 442 2375 novarit,
460 2298 574 2378 quippe
586 2304 619 2360 et
632 2301 744 2360 ceteris
760 2295 854 2361 rebus
869 2297 931 2361 alio
943 2297 1077 2378 quodam
1090 2296 1181 2361 modo
1197 2294 1352 2358 enarratis

142 2406 231 2480 atque
250 2401 333 2480 apud
354 2402 612 2482 Theophrastum.
655 2402 741 2467 Haec
760 2403 941 2468 testimonia
959 2403 1175 2484 neglegentiae
1191 2401 1353 2464 Plinianae

142 2508 255 2588 etipsa
275 2517 389 2590 urgent
419 2515 537 2574 textum
560 2512 697 2575 auctoris
726 2529 746 2574 a
768 2511 985 2592 Theophrasto
1016 2507 1233 2590 aliquomodo
1263 2506 1350 2569 aher·

143 2619 269 2678 rantem.
320 2615 485 2680 Volumina
515 2616 741 2698 Theophrasti,
778 2636 859 2698 quae
888 2623 995 2681 nostro
1022 2616 1054 2679 in
1084 2613 1227 2678 manibus
1252 2617 1352 2691 orant,

143 2719 213 2783 adeo
245 2720 342 2786 luisse
372 2723 546 2803 depravata
581 2729 613 2786 et
643 2743 662 2786 a
696 2725 814 2788 nostris
852 2724 976 2788 diversa
1007 2740 1095 2787 nemo
1136 2737 1213 2785 sana
1250 2724 1353 2781 mente

141 2827 330 2905 praetendet.

217 2967 280 3031 Sed
304 2973 502 3033 transeamus
523 2973 563 3033 ad
585 2971 720 3034 alterum
743 2955 782 3036 de
804 2971 934 3052 platano
956 2970 1067 3049 locum,
1088 2968 1141 3049 qui
1162 2985 1230 3031 cum
1254 2965 1354 3028 Theo

141 3069 266 3152 phrasto
287 3073 457 3140 cohaerere
479 3076 615 3142 videtur.

223 3265 230 3271 .
254 3203 334 3269 Plio.
357 3224 387 3269 n.
410 3206 440 3271 h.
461 3207 532 3287 XII,
554 3214 600 3272 ll.
859 3205 1013 3286 Theophr.
1036 3206 1065 3268 h.
1087 3203 1128 3284 pl.
1152 3204 1179 3279 Ι,
1197 3207 1226 3280 9,
1240 3209 1269 3264 5.

141 3319 195 3385 Est
227 3322 389 3404 Gortynac
428 3324 459 3387 in
491 3325 592 3388 insula
625 3325 720 3389 Creta
766 3325 818 3387 Ἐν
837 3322 947 3410 Κρήτῃ
974 3323 1011 3385 δὲ
1037 3323 1162 3404 λέγεται
1184 3317 1358 3408 πλάτανός

140 3422 224 3486 iuxta
253 3423 372 3488 fontem
401 3424 549 3506 platanus
581 3444 644 3490 una
674 3426 721 3489 in·
769 3449 842 3489 τινα
864 3417 948 3488 εἶναι
965 3427 1001 3488 ἐν
1015 3428 1055 3509 τῇ
1072 3431 1103 3488 Γ
1102 3419 1256 3504 σ’ρτυναίᾳ
1273 3421 1355 3501 πρὸς

140 3523 234 3603 signis
269 3525 432 3603 utriusque
468 3525 595 3604 linguae
624 3527 722 3589 moni·
771 3530 858 3610 πηγῇ
891 3550 969 3607 τινι,
1011 3523 1032 3611 ἢ
1070 3524 1110 3589 ου’
1152 3522 1353 3606 malaopera·

70 3636 75 3695 ζ
139 3611 259 3706 me'ntis,
277 3643 448 3705 numquam
460 3625 534 3688 folia
549 3625 719 3707 dimittens
768 3627 989 3707 μυθολογοῦσι
1016 3626 1068 3704 δὲ,
1100 3623 1141 3696 ὠς
1162 3623 1229 3687 ὑπὸ
1252 3619 1355 3704 ταύτῃ

138 3726 306 3806 statimque
324 3726 351 3789 ei
368 3726 519 3790 Graeciae
533 3725 717 3789 fabulositas
768 3727 861 3809 ἐμίγη
889 3730 931 3808 τῇ
951 3723 1098 3807 Εὐρώπῃ
1124 3725 1142 3785 ὁ
1164 3721 1255 3794 Ζεύς·
1297 3723 1356 3796 τοὶς

136 3824 292 3905 superfuit
334 3826 437 3889 lovem
476 3824 535 3889 sub
574 3843 613 3888 ea
647 3843 717 3889 cum
768 3826 807 3888 δὲ
829 3826 972 3908 πλησίας
998 3824 1111 3898 πάσας
1133 3823 1354 3906 φυλλοβολεῖν·

133 3923 264 4004 Europa
299 3923 516 4005 concubuisse,
553 3942 610 3988 ceu
644 3942 717 3986 vero
808 3924 865 3988 ’En
887 3924 928 3987 δὲ·
946 3923 1117 4005 Συβάρει
1135 3923 1228 4003 δρῦς
1250 3923 1357 3986 ἐστιν

132 4041 196 4087 non
226 4021 290 4086 alia
318 4023 454 4087 eiusdem
481 4023 606 4104 generis
633 4027 721 4091 esset,
808 4019 1355 4106 εὐσύνοπτοςέκτῆςπόλεως,

130 4127 161 4191 in
188 4125 301 4206 Cypro.
344 4126 405 4190 Sed
436 4123 716 4203 excaprimum
809 4121 828 4210 ἢ
858 4125 905 4187 ου’
932 4123 1200 4206 φυλλοβολεῖ·
1253 4123 1357 4205 φασὶ
