2962 4696
690 303 730 364 63

107 481 263 561 quendum
286 481 336 543 hic
357 480 436 544 satis
457 480 622 546 intellexit.
664 480 727 546 Sed
743 480 861 545 sciebat
882 479 913 543 id
930 497 1061 560 quoque,
1084 480 1170 544 illum
1187 479 1320 546 GCGXC

108 587 198 650 anuis
220 591 294 650 ante
316 603 349 650 se
371 585 531 665 scripsisse
555 586 592 650 iis
612 586 816 667 temporibus,
838 604 906 650 oum
923 584 1099 650 Alexander
1112 584 1247 667 Magnus
1266 604 1318 651 ex-

108 692 267 772 peditione
297 692 533 756 suborientem
568 693 699 773 primum
735 691 944 772 patefecisset.
993 692 1119 757 Sciebat
1146 697 1321 773 praetereo,

108 799 164 861 etsi
187 798 401 878 permultam
427 799 515 861 varis
538 799 576 863 de
603 799 682 876 situ,
711 798 837 877 incolis,
866 797 992 878 bestiis
1021 798 1138 880 plantis
1160 800 1320 880 regionum

107 902 241 985 illarum,
265 908 369 967 tumen
392 903 487 967 etiam
510 904 609 968 multa
629 902 772 969 fabulosa
798 901 1050 985 incredibilisque
1078 905 1178 968 reluta
1210 921 1320 970 esses

27 1012 31 1017 '
108 1009 272 1072 comitibus
295 1008 467 1072 Alexandri
490 1016 522 1073 et
541 1028 597 1090 per
619 1010 695 1074 haec
714 1014 864 1091 quattuor
885 1010 1011 1075 saecula
1032 1029 1092 1075 non
1108 1010 1202 1075 modo
1221 1015 1319 1074 totum

108 1121 207 1179 artem
229 1115 475 1197 phytologioum,
498 1116 553 1180 sed
574 1120 649 1179 aute
678 1122 782 1180 cetera
813 1116 1019 1197 coguitionem
1048 1116 1193 1198 stirpium
1219 1116 1321 1181 orieu-
1405 1100 1411 1119 “

108 1222 215 1286 talium
234 1238 346 1301 magno
368 1239 461 1302 opere
482 1239 552 1287 esse
574 1220 795 1302 amplificatam
817 1227 850 1286 et
870 1227 1054 1304 correctam,
1076 1223 1261 1303 praesertim
1283 1240 1322 1286 ex

110 1343 171 1407 quo
200 1332 233 1390 et
254 1327 385 1391 Romani
417 1327 487 1392 illas
519 1333 621 1392 terras
649 1326 797 1393 adissent.
843 1327 1048 1393 Consuetudo
1074 1333 1144 1393 erat
1169 1334 1321 1407 veterum,

110 1451 187 1513 quos
210 1433 423 1513 intellegentia
445 1435 651 1515 possessionis
675 1453 712 1498 ex
734 1433 857 1515 ingenio
876 1437 999 1499 tractae
1021 1433 1143 1515 deiecit,
1164 1439 1199 1499 ut
1217 1439 1322 1516 poste-

110 1540 173 1605 rior
194 1540 328 1620 quisque
349 1540 519 1621 scriptores
541 1539 580 1604 de
603 1541 711 1605 eadem
735 1558 769 1605 re
788 1541 908 1622 priores
937 1545 1104 1621 usurparet
1125 1545 1157 1604 et
1186 1540 1226 1605 ad
1254 1540 1323 1605 libi-

111 1645 213 1709 dinem
239 1645 394 1726 expilaret
416 1650 512 1727 stque
533 1647 728 1727 potissimum
751 1651 896 1712 auctores
917 1650 1023 1713 aetate
1044 1649 1210 1729 proximos
1253 1647 1323 1727 Qua

112 1751 150 1814 de
182 1769 276 1815 cause
305 1751 403 1815 Plinio
433 1751 519 1815 licuit
537 1770 617 1825 esse
645 1757 810 1834 contento,
836 1753 863 1817 si
888 1752 1137 1834 Theophrastum
1168 1772 1205 1818 ex
1234 1752 1322 1818 libris

110 1858 319 1937 posteriorum
341 1856 400 1920 sibi
422 1859 636 1939 comparabat,
658 1857 810 1940 aquibus
832 1859 919 1922 illum
941 1876 1145 1938 magnacum
1167 1860 1324 1925 industria

110 1968 288 2043 excerptum
324 1981 393 2028 esse
424 1963 550 2027 videbat
587 1965 712 2028 nomine
742 1963 824 2028 illius
860 1965 1013 2029 uberrime
1045 1966 1085 2030 ab
1117 1966 1155 2031 iis
1185 1965 1323 2030 laudato.

114 2068 199 2146 Quae
227 2088 297 2133 oum
329 2070 374 2133 ita
401 2079 525 2150 essent,
555 2068 772 2151 Theophrasto
801 2071 993 2153 excerpendo
1031 2072 1235 2152 supersedere
1264 2071 1323 2136 sibi

112 2176 207 2253 visus,
230 2179 345 2255 tamen,
366 2194 429 2256 qua
449 2178 480 2240 in
501 2177 680 2258 phytologiu
707 2176 760 2240 ille
784 2182 854 2241 erat
876 2178 1034 2257 gravitate
1061 2183 1094 2242 et
1121 2179 1322 2259 auctoritate,

111 2282 178 2345 eius
203 2299 314 2346 nomen
335 2282 367 2345 in
388 2288 548 2347 anctorum
570 2281 721 2348 indicibus
743 2301 843 2364 usque
864 2284 1002 2366 principe
1022 2282 1089 2348 loco
1114 2285 1219 2366 posuit
1248 2284 1323 2367 (qua

10 2458 11 2463 .
111 2388 149 2452 de
169 2407 204 2453 re
231 2387 268 2452 of.
289 2389 461 2453 Brunnium
481 2389 502 2452 l.
524 2389 560 2470 l.,
593 2389 704 2469 Alynm
727 2389 749 2454 l.
770 2389 807 2472 l.‚
836 2409 867 2472 p.
895 2390 936 2471 7.)
969 2396 1001 2456 et
1030 2390 1113 2456 inter
1140 2408 1322 2472 sermonem,

110 2495 362 2577 quotiescumque
383 2499 524 2577 potestus
546 2494 698 2578 dabatur,
721 2495 870 2562 laudavit.

193 2611 451 2693 Quandoquidem
473 2629 547 2676 vero
568 2611 778 2693 Theophrasti
800 2610 929 2677 historia
955 2611 1135 2693 plantarum
1163 2611 1202 2676 de
1231 2610 1323 2676 urbo·

109 2716 197 2781 ribus
227 2716 401 2799 peregrinis
430 2716 571 2782 sPlinio
598 2736 659 2782 nou
686 2735 815 2783 excussa
835 2723 901 2796 est,
929 2717 1106 2799 quaeritur,
1135 2716 1322 2798 quibusnam

108 2823 288 2888 auctoribus
307 2823 356 2887 hio
379 2839 455 2887 usus
476 2823 527 2887 sit.
570 2822 639 2900 Qus
661 2822 699 2888 de
720 2823 836 2889 realis
857 2824 924 2889 loco
946 2841 1017 2889 mox
1037 2822 1216 2905 disputabo.
