2962 4696
676 304 714 364 m

715 475 817 541 πάλιν
845 478 899 541 καὶ
937 473 1084 543 θάλλειν.
1142 477 1218 543 Καὶ
1250 478 1300 543 τοὶ

714 580 789 657 μὲν
819 576 908 641 ἴδια
937 580 1006 662 τῆς
1039 578 1184 661 χώρας,
1222 574 1301 643 ὅσοι

714 672 1086 762 γ’δνδένδροτιςῆ
1110 678 1301 760 θάμνους

686 828 690 832 .
716 774 846 856 εἴποι,
867 776 917 840 τοὶ
933 777 960 857 γ’
975 777 1301 860 ἐπιφανέστατοι

714 877 961 940 ταῦτ’ἕστίι
1002 877 1301 962 Περὶχδρτῶν

715 976 758 1038 ἐν
800 976 857 1056 τῷ
894 978 1068 1058 ποταμῷ
1106 977 1174 1041 καὶ
1213 983 1302 1053 τοῖς

715 1074 855 1139 ἕλεσιν
891 1072 1071 1158 ὕστερον
1106 1078 1301 1159 ἐροῦμεν,

716 1169 819 1238 ὅταν
845 1175 912 1238 καὶ
942 1164 1141 1257 resolutio
1162 1173 1303 1241 ἄλλων

716 1272 910 1356 ἐνύδρων.
953 1271 1183 1356 (immnuta
1204 1277 1243 1340 δὲ
1264 1278 1302 1341 ἐν

715 1375 757 1456 τῇ
778 1371 869 1458 χώρᾳ
889 1373 932 1436 ιδ
954 1373 1077 1457 δι’νδροι
1101 1373 1144 1438 ια’
1164 1378 1302 1438 τοιαῦτα

715 1471 842 1552 μεγάλοι
858 1471 913 1534 καὶ
935 1475 1002 1547 τοῖς
1017 1470 1136 1554 μδκισι
1157 1474 1211 1536 καὶ
1233 1479 1302 1550 τοῖς

716 1572 868 1651 πάχεσιν·
933 1570 984 1671 ἐν
1022 1573 1100 1652 γοῦν
1147 1573 1302 1655 Μέμφιδι

715 1662 920 1777 τχλικοῦιο
942 1674 1107 1776 δένδρον
1135 1667 1221 1741 εἶναι
1254 1677 1302 1742 λέ-

715 1807 805 1865 χετοιι
820 1785 860 1848 ιδ
874 1786 990 1866 πάχος,
1005 1783 1025 1850 δ’
1036 1789 1121 1867 τρεῖς
1135 1779 1254 1867 ἄνδρες
1265 1783 1304 1848 ου’

717 1883 875 1948 δύνανται
895 1883 1161 1969 περιλαμβάνειν.
1189 1880 1305 1949 ’Ἐστι

716 1982 762 2045 δὲ
797 1983 867 2047 καὶ
897 1987 1064 2067 τμηθὲν
1099 1984 1145 2047 aui
1179 1983 1304 2059 ξύλον
1392 2046 1395 2052 ,

715 2081 850 2145 καλὸν·
882 2082 1190 2165 ποκνόνιογδρ
1209 2083 1304 2166 σφό-

717 2181 794 2265 δρα
814 2182 878 2245 καὶ
899 2185 954 2264 τῷ
974 2181 1163 2266 χρώματι
1183 2182 1303 2247 λωτο-

416 2356 419 2361 ,
717 2282 781 2346 ειδ
788 2290 807 2346 ε’
812 2306 836 2357 ς.
1125 2292 1128 2299 ’

165 2398 252 2464 Haec
282 2404 458 2483 sequnntur
489 2398 571 2480 opud
594 2398 728 2463 Plinium
759 2399 909 2465 nonnulla
935 2399 973 2464 de
1005 2400 1117 2465 nummi
1148 2401 1302 2482 arborum,

78 2492 160 2570 orsu'
185 2522 204 2569 u
227 2506 340 2570 cummi
371 2506 481 2586 spinae
510 2507 693 2587 aegyptiae,
721 2507 803 2590 quod
829 2508 906 2591 iam,
921 2524 1017 2589 supra
1045 2523 1065 2571 a
1087 2504 1302 2588 Theophrasto

79 2611 137 2694 (cf.
152 2611 206 2693 lv,
225 2616 253 2692 2,
265 2611 301 2692 8)
324 2618 599 2678 commemoratum
621 2630 690 2677 esse
703 2612 844 2677 vidimus.
888 2613 949 2678 Sed
962 2612 1042 2695 quod
1064 2613 1116 2678 ille
1134 2613 1303 2679 addiderat

80 2718 201 2800 partim
223 2716 352 2785 effluere
374 2719 487 2784 oummi
517 2738 554 2783 ex
576 2719 688 2784 arbore
715 2717 863 2783 scarilata
889 2719 1005 2800 purtim
1027 2723 1139 2801 sponte
1167 2720 1233 2785 sine
1254 2720 1303 2784 in-

80 2825 197 2903 cisura,
219 2823 250 2888 id
271 2841 291 2888 a
310 2824 410 2889 Plinio
428 2843 489 2889 non
510 2825 756 2890 communicatur
778 2843 834 2891 nec
856 2843 973 2906 eorum,
993 2843 1075 2909 quae
1096 2826 1163 2907 ipse
1182 2825 1303 2909 profert

81 2925 255 3013 (illitos)
274 2929 434 3012 ‘Gummim
457 2933 605 3013 optimam
627 2950 696 2997 esse
719 2951 757 2996 en
779 2934 924 3014 aegyptia
946 2932 1037 3014 spina
1058 2934 1212 3013 convenit,
1233 2952 1301 2998 ver·

80 3036 273 3117 miculatum
292 3037 394 3103 colore
405 3037 525 3118 glauco,
543 3056 667 3119 puram,
688 3039 754 3102 sine
766 3039 892 3119 cortice,
912 3037 1301 3104 dentibusadhaerentem.

81 3143 220 3225 pretium
242 3143 307 3207 eius
328 3145 359 3208 in
380 3143 478 3208 libras
500 3143 585 3208 Xm'
608 3145 704 3210 ullum
724 3145 889 3225 vestigium
912 3145 942 3208 in
965 3143 1182 3227 Theophrasto
1205 3149 1264 3211 est.

168 3249 233 3313 lam
255 3267 329 3314 vero
351 3249 423 3315 hino
440 3251 515 3332 quid
526 3251 691 3332 colligatur
712 3251 887 3316 videamus
928 3251 975 3316 De
995 3251 1138 3332 plurimis
1157 3250 1250 3317 rebus
1270 3254 1302 3316 et

81 3354 280 3436 gravissimis
306 3355 425 3422 Plinius
451 3375 517 3421 oum
542 3356 758 3438 Theophrasto
785 3357 936 3437 oongmit.
978 3356 1038 3420 Sed
1065 3374 1138 3421 raro
1162 3375 1232 3422 eum
1261 3357 1301 3421 ad

82 3462 216 3527 verbum
239 3462 414 3543 transtulit,
437 3463 529 3527 immo
550 3464 582 3527 in
605 3463 780 3529 elocutione
801 3481 888 3529 suum
911 3463 1075 3528 arbitrium
1104 3463 1194 3545 sequi
1222 3462 1302 3528 solet

82 3573 183 3648 utque
203 3567 332 3632 liberius
354 3567 535 3650 plerumque
556 3569 642 3633 illum
675 3569 834 3634 transfert.
878 3569 966 3647 Quod
996 3570 1055 3634 etsi
1083 3568 1179 3634 verba
1208 3568 1301 3635 huius

82 3673 247 3754 scriptoris
265 3674 349 3739 nullo
361 3673 428 3739 looo
447 3675 598 3739 versionis
608 3675 692 3739 illius
705 3675 835 3756 speciem
849 3674 1003 3757 praebent
1022 3680 1126 3740 tamen
1143 3675 1301 3740 interdum

83 3778 171 3845 huno
188 3797 226 3845 ex
244 3779 304 3845 illo·
320 3780 505 3844 emendandi
525 3785 685 3863 potestate
707 3781 783 3844 datu
804 3769 849 3826 -’-’
865 3781 896 3844 id
918 3781 999 3862 quod
1022 3781 1096 3846 louis
1117 3786 1228 3863 postea
1249 3801 1302 3847 ex-

82 3886 241 3954 cutiendis
262 3886 386 3967 saepius
408 3886 530 3953 accidet
551 3923 591 3935 -
612 3886 778 3969 probatur,
799 3904 892 3968 quom
916 3904 987 3951 vere
1005 3886 1074 3952 Birt
1095 3886 1302 3954 affirmaverit
1332 3927 1334 3931 >

82 3994 118 4075 (l.
136 3993 155 4057 l.
179 4012 210 4074 p.
228 3993 299 4072 152)
327 3997 429 4074 ‘caute
459 3992 508 4057 edi
538 3992 675 4057 Plinium
703 4010 884 4074 nonposse
911 3993 969 4057 nisi
1000 3993 1041 4057 ad
1071 3993 1200 4059 verbum
1230 4013 1301 4060 cum

81 4103 270 4170 auctoribus
294 4099 360 4162 suis
383 4107 536 4179 quatenus
556 4102 681 4164 exstant
703 4098 935 4179 compa-ratuni.

1135 4216 1164 4269 ἓ·
