2962 4696
727 311 765 370 38

50 560 54 569 .
141 481 290 548 librorum
310 483 370 547 XII
400 488 434 546 at
455 483 532 548 XIII
558 488 692 567 apparet
720 503 760 549 ex
780 482 943 549 Athenaeo
971 482 1029 547 XV
1058 501 1086 563 p.
1103 483 1196 548 675e
1226 482 1360 550 huiusce

84 621 87 624 -
141 587 256 653 librum
279 589 356 670 περὶ
381 587 493 674 μύρων
516 590 571 654 καὶ
599 589 774 674 στεφάνων
803 590 932 654 ferente.
981 586 1128 669 Idemque
1156 592 1267 654 auctor
1287 589 1360 654 lau-

116 694 237 778 xdatur
251 695 291 759 ab
313 700 421 760 nostro
437 697 521 777 XIV,
537 698 577 762 76
599 697 637 762 de
660 696 799 761 bonitate
820 696 961 759 vinorum
985 694 1195 777 quorundam.
1236 694 1374 776 Quibus,

142 800 218 866 locis
241 803 430 882 comparatis
452 803 516 867 veri
537 803 574 868 fit
596 803 786 868 simillimum
808 821 846 866 ex
868 800 920 865 illo
942 799 1086 865 haustum
1109 819 1178 864 esse
1201 806 1295 881 caput
1321 800 1362 866 de

143 909 312 988 ungnentis
333 907 433 989 (XIII,
458 909 571 991 1-25)
599 914 631 973 et
658 926 738 989 quae
763 911 872 972 noster
895 907 924 971 in
947 911 1086 971 extremo
1113 923 1236 987 quoque
1256 907 1363 987 capite

143 1018 237 1094 atque
257 1030 304 1092 eo,
327 1031 347 1078 a
371 1034 433 1097 quo
456 1015 535 1079 haec
555 1014 727 1095 disputatio
748 1030 860 1077 exorsa
883 1017 942 1093 est,
962 1011 1088 1077 exhibet
1111 1012 1150 1077 de
1172 1011 1363 1093 probatione

143 1119 356 1200 integritatis,
383 1119 422 1184 de
451 1119 596 1185 bonitate
618 1137 768 1200 generum
795 1119 1007 1198 diversorum,
1039 1118 1231 1200 depretia,
1263 1122 1340 1182 cett.

227 1225 314 1303 Quae
329 1227 355 1291 si
370 1231 455 1291 recte
478 1226 688 1308 disputantur,
709 1232 825 1304 noster,
848 1225 902 1289 ubi
919 1243 983 1288 rem
1005 1223 1161 1305 quandam
1183 1229 1363 1306 pertracta-

144 1334 250 1413 verat,
278 1351 383 1398 secum
405 1332 582 1414 cogitabat:
609 1332 784 1416 ‘Reliquum
807 1336 871 1413 est,
902 1341 938 1396 nt
956 1336 1102 1412 spectem,
1123 1349 1203 1413 quae
1225 1332 1266 1397 sit
1290 1349 1364 1413 pro·

20 1426 27 1435 ’
143 1439 230 1503 batio
248 1439 292 1504 rei
309 1439 391 1520 apud
406 1439 648 1520 unguentarium
665 1439 786 1505 meum’.
829 1439 940 1519 Itaque
955 1438 1072 1502 laetum
1088 1444 1145 1518 est,
1169 1441 1204 1502 ut
1217 1437 1363 1503 hocloco

144 1550 303 1627 pergeret:
314 1544 444 1626 ‘reliqua
453 1546 598 1628 probatio
610 1593 617 1608 .
628 1595 634 1610 .
647 1546 664 1609 ‚³
678 1550 710 1609 et
721 1544 914 1609 festinationi
926 1544 991 1607 eins
1000 1545 1114 1633 nimiae
1123 1544 1191 1608 iure
1202 1542 1365 1624 tribuitur,

145 1652 228 1732 quod
250 1669 311 1715 non
333 1651 560 1717 animadvertit
577 1651 724 1716 nonnulla
744 1651 805 1714 iam
827 1669 864 1715 ex
882 1651 985 1732 prlore
1004 1651 1090 1715 tonte
1109 1667 1143 1714 se
1164 1655 1321 1715 enatasse.

227 1757 339 1822 Totius
386 1759 497 1838 cupitis
545 1757 625 1822 dnae
663 1757 836 1839 particulae
877 1757 907 1820 in
944 1757 1009 1820 solo
1048 1756 1148 1821 Plinio
1191 1756 1363 1837 legunturt

145 1881 227 1946 quae
259 1863 297 1928 de
328 1864 446 1928 calamo
481 1863 682 1944 proferuntur
713 1882 732 1928 a
761 1864 863 1928 verbis
895 1861 1027 1926 ‘mollior
1056 1866 1154 1926 tactu’
1187 1879 1287 1944 usqne
1319 1861 1364 1926 ad

143 1969 360 2034 ‘numerosius'
384 1969 464 2033 etin
486 1970 576 2034 initi0
590 1986 671 2049 quae
693 1969 733 2033 de
753 1969 838 2050 locis,
861 1967 913 2032 uhi
935 1972 1091 2032 nascatur.
1133 1966 1194 2034 Sed
1217 1971 1365 2032 neutrum

56 2115 60 2122 ·
145 2074 179 2138 in
200 2074 415 2154 Theophrasto
447 2075 642 2140 intercidisse
663 2072 756 2139 fidem
778 2072 914 2138 habebit.
964 2072 1061 2137 Indici
1084 2074 1165 2161 enim
1189 2072 1301 2137 calami
1318 2072 1364 2137 ab

146 2179 198 2245 illo
221 2178 366 2245 hocloco
388 2178 577 2244 mentionem
598 2179 666 2244 fieri
687 2197 750 2244 non
772 2179 912 2261 potuisse
933 2180 1033 2243 elucet
1055 2197 1072 2242 e
1093 2179 1146 2259 IV,
1166 2183 1211 2258 ll,
1235 2182 1283 2258 13,
1307 2179 1365 2243 ubi

148 2286 186 2350 de
207 2285 328 2350 Indico:
352 2287 370 2349 ὁ
390 2285 429 2347 da
448 2286 580 2359 Ἰνδικός
601 2284 769 2368 (κάλαμος)
792 2287 828 2348 ἐν
848 2289 985 2368 μεγίστῃ
1007 2285 1151 2366 διαφορᾷ
1170 2283 1224 2347 καὶ
1247 2280 1366 2367 ὥσπερ

147 2392 265 2473 ἕτερον,
286 2388 366 2463 ὅλως
395 2392 434 2454 nd
462 2400 558 2472 γένος.
600 2392 666 2455 Nec
692 2409 766 2455 vero
795 2390 833 2455 de
862 2390 1038 2470 fragmento
1065 2389 1166 2455 altero
1196 2390 1366 2470 quisquam

148 2499 230 2563 idem
249 2497 411 2575 obtinebit,
433 2497 525 2560 modo
540 2498 738 2578 spectaverit,
761 2496 839 2577 quid
858 2496 961 2561 verbis
983 2495 1241 2562 antecedentibus
1250 2495 1367 2560 '‘odore
1399 2488 1404 2493 ’

148 2604 256 2669 statIm
276 2620 293 2667 e
315 2604 541 2684 longinquo
563 2602 686 2669 iuvitat'
706 2603 737 2666 in
761 2602 976 2683 Theophrasto
1000 2601 1199 2685 respondent:
1240 2601 1391 2679 Quibus

149 2727 337 2806 comparatis
360 2726 494 2790 Plinium
517 2726 601 2791 illius
623 2725 718 2791 verba
739 2744 800 2790 non
824 2726 947 2790 novisse
969 2724 1110 2789 efficitur.

230 2831 277 2896 Ut
299 2836 405 2895 autem
428 2850 475 2910 ea,
504 2832 615 2914 quibus
635 2832 758 2925 Plinius
780 2828 999 2910 Theophrasto
1022 2831 1174 2912 copiosior
1202 2834 1261 2909 est,
1291 2847 1369 2911 sup·
1399 2836 1402 2845 '

149 2937 264 3019 plenda
275 2938 306 3001 in
319 2937 534 3018 Theophrasto
547 2957 608 3002 non
623 2943 705 3016 sunt,
720 2938 768 3002 ita
782 2955 821 3001 ne
834 2955 872 3001 ex
883 2936 951 3001 aliis
965 2936 1091 3019 quidem
1109 2935 1312 3016 scriptoribus
1325 2935 1368 3001 ab

59 3094 68 3103 .
149 3044 203 3108 illo
226 3043 333 3108 addita
355 3061 424 3108 esse
445 3045 578 3125 cogItari
599 3042 693 3108 debet
715 3049 845 3126 propter
859 3043 941 3106 Plini
964 3044 996 3106 in
1018 3042 1067 3108 his
1084 3042 1173 3106 libris
1190 3029 1368 3106 scribendis

150 3151 384 3216 festinationem
401 3157 433 3217 et
444 3151 675 3232 neglegentiam
689 3152 748 3214 inm
766 3151 844 3215 satis
861 3155 1011 3214 notatam.
1033 3149 1136 3214 Minus
1152 3150 1246 3213 etiam
1258 3154 1369 3213 mente

150 3257 269 3338 concipi
290 3263 403 3340 potest,
425 3275 516 3339 quom
538 3257 598 3322 odo
620 3259 737 3324 Iactum
754 3259 804 3338 sit,
824 3263 862 3322 ut
882 3259 918 3338 is,
940 3258 994 3339 qui
1015 3259 1130 3322 multas
1152 3274 1202 3321 res
1221 3274 1241 3320 a
1263 3254 1370 3321 Theo-

150 3365 282 3446 phrasto
300 3365 536 3445 diligentissime
547 3370 674 3430 curatas
685 3365 782 3429 veluti
793 3365 823 3428 in
836 3365 973 3429 hansitu
983 3365 1101 3445 attigit,
1117 3364 1224 3446 plures
1235 3381 1369 3444 prorsus

151 3472 324 3552 praeteriit,
347 3478 383 3536 ut
399 3473 436 3552 iS,
455 3473 507 3552 qui
524 3471 712 3536 breviarium
730 3471 887 3554 quoddam
906 3470 988 3536 illius
1006 3470 1149 3553 praebet,
1171 3488 1283 3535 rursus
1301 3476 1370 3534 tam

152 3597 280 3659 gravem
309 3578 449 3644 laborem
478 3579 623 3644 continuo
656 3578 776 3644 subiret
797 3579 896 3644 multa
918 3579 1041 3659 singula
1063 3598 1100 3644 ex
1129 3579 1190 3642 alio
1217 3577 1267 3641 vel
1297 3577 1370 3642 aliis

153 3684 332 3750 auctoribus
362 3685 517 3749 breviario
539 3685 592 3749 isti
621 3685 797 3767 inserendi,
826 3703 926 3765 neque
949 3690 1071 3750 tantum
1093 3689 1177 3750 totos
1198 3682 1369 3748 verborum

153 3790 301 3871 ambitus,
323 3809 429 3855 verum
451 3792 545 3855 etiam
561 3791 702 3872 singulas
720 3808 819 3872 voces,
844 3810 893 3855 res
914 3792 1148 3856 minutissimas
1190 3789 1372 3856 Absurdins

154 3907 248 3981 esset,
271 3899 296 3963 si
315 3898 557 3980 disputationem
573 3898 712 3979 eandem,
733 3915 813 3979 quae
829 3900 1030 3962 summarium
1050 3898 1144 3963 breve
1156 3894 1372 3979 Theophrasti
1395 3958 1398 3963 .

154 4004 296 4083 videtur,
349 4005 474 4070 aliunde
524 4005 618 4071 rebus
666 4005 823 4070 vilissimis
877 4004 1060 4085 amplificari
1100 4005 1190 4069 uobis
1238 4021 1372 4085 persua·
1404 3998 1409 4013 ’

156 4111 293 4178 deretur.
335 4112 425 4176 Adde
446 4113 529 4194 quod
550 4112 627 4178 haec
648 4112 769 4177 adiecta
792 4113 866 4176 item
898 4120 994 4192 atque
1016 4111 1274 4193 transpositiones
1297 4110 1395 4176 illas-

155 4221 315 4287 consilium
343 4225 464 4286 certum
493 4220 557 4284 sive
584 4219 666 4285 ratio
693 4236 769 4282 vera
797 4216 909 4284 deficit.
957 4217 1043 4301 Ergo
1072 4219 1156 4284 locos
1186 4216 1243 4283 hos
1273 4235 1374 4284 nece
