2962 4696
710 277 749 337 39

129 450 339 533 Theophrasto
360 449 493 514 haustos
515 468 571 515 nec
600 470 638 515 ex
667 449 718 515 illo
748 449 856 514 aliisve
881 448 1024 530 pluribus
1052 455 1248 543 concerptos
1267 468 1337 517 esso

128 559 181 622 iarn
205 556 331 621 videtur
352 557 488 638 planum.
533 556 603 621 Alia
626 575 734 621 eorum
756 557 844 636 origo
866 556 1047 638 quaerenda
1062 562 1120 622 est.
1163 557 1221 622 (lui
1241 548 1338 641 uuae·

128 665 217 731 stioni
241 665 344 728 nescio
363 680 402 726 an
425 662 527 727 lucem
548 664 683 744 aliquam
706 663 837 728 aflerant
859 662 927 743 loci,
949 680 1030 743 quae
1052 681 1121 728 snrn
1145 664 1338 746 prolaturus.
1459 650 1461 655 ’

251 767 330 835 Pliu.
353 769 425 847 xil,
448 773 579 834 33-34.
825 768 979 850 Theophr.
1003 770 1056 850 IV,
1078 775 1107 852 4,
1132 773 1261 836 12-13.

163 887 202 939 a.
225 867 485 933 Contermina
501 868 611 932 Indis
633 885 710 949 gens
792 884 832 936 a.
862 868 914 931 Ἐν
936 868 974 930 δὲ
993 849 1035 952 τῇ
1059 869 1146 954 Ἀρίφ
1172 869 1262 956 χώρᾳ
1282 895 1338 934 κα-

64 1028 91 1033 ..
131 969 243 1034 Ariana
266 968 460 1054 appellatur,
482 967 532 1032 cui
554 968 644 1048 spina
665 966 710 1031 la·
752 968 890 1050 λουμένῃ
916 963 1054 1029 &aaron
1080 969 1190 1048 ἐστιν,
1221 971 1273 1053 ἐφ’
1300 958 1338 1057 ἧς

131 1068 221 1135 crima
240 1068 429 1148 pretiosa
457 1085 581 1131 murrae
608 1065 710 1144 simili,
751 1072 874 1149 γίνεται
885 1065 1027 1148 δάκρυον
1038 1062 1149 1149 ὅμοιον
1160 1069 1201 1154 τῆ
1210 1068 1337 1153 σμύρνῃ

110 1165 289 1230 ‘difficili
335 1183 502 1229 accessu
543 1171 710 1246 propter
752 1166 821 1228 καὶ
847 1168 894 1248 τῇ
921 1161 1021 1254 ὄφει
1047 1166 1112 1229 καὶ
1141 1170 1187 1250 τῇ
1216 1166 1338 1251 ὀσμῇ·

130 1265 288 1330 aculeos
310 1264 496 1329 adnexos.
752 1264 951 1344 τοῦτοδὲ,
971 1261 1069 1329 ὅταν
1087 1265 1303 1354 ἐπιλάμψῃ
1321 1267 1340 1330 ὁ

167 1363 253 1447 (Ηοο
283 1361 350 1426 loco
370 1364 487 1443 optime
510 1362 710 1447 perspicitur,
753 1357 877 1446 ἥλιος,
898 1369 1102 1446 καταρρεῖ.
1135 1364 1272 1430 Πολλοὶ
1294 1367 1340 1429 δὲ

64 1506 70 1517 -
130 1480 186 1543 qua
216 1462 429 1526 inconstantia
458 1462 522 1526 alia
552 1460 712 1542 supersint
755 1460 819 1521 καὶ
838 1457 940 1523 ἄλλα
957 1465 1068 1545 παροὶ
1089 1464 1138 1527 τοὶ
1155 1465 1339 1528 ἐνταῦθα

130 1561 418 1645 οΙίοΙοεοίιίοιοοοοι
442 1561 473 1624 in
489 1559 589 1624 Plinio
612 1575 712 1638 quau·
754 1559 827 1645 καὶΙ
841 1559 882 1622 ἐν
903 1563 951 1642 τῇ
969 1562 1078 1648 χώρᾳ
1098 1564 1164 1626 καὶ
1189 1564 1232 1626 ἐν
1253 1568 1340 1638 τοῖς

131 1666 256 1742 tumque
289 1660 367 1724 haec
397 1658 534 1724 condicio
561 1656 601 1720 ab
628 1656 712 1720 omui
755 1662 958 1738 ποταμοῖς
978 1665 1145 1740 γίνεται.

132 1761 248 1824 ratione
271 1757 451 1823 abhorreat.
496 1759 642 1823 Formam
663 1756 713 1820 ‘si·
799 1755 836 1822 b.
856 1757 944 1835 Quae
966 1758 1004 1823 de
1020 1759 1082 1823 alia
1099 1760 1190 1841 spina
1212 1760 1261 1826 iric
1283 1758 1338 1824 ad-

131 1859 198 1923 rnili‘
232 1857 370 1923 correxit
396 1853 537 1937 Mayhoff
564 1874 581 1919 e
613 1855 713 1928 Theo·
755 1861 906 1920 seruntur
933 1858 964 1920 in
980 1858 1080 1922 Plinio
1103 1877 1166 1923 non
1189 1865 1274 1925 snut.

132 1956 273 2037 phrasto;
297 1953 433 2020 codices:
454 1952 609 2036 similis).

168 2070 203 2122 c.
235 2054 283 2118 lbi
303 2059 334 2117 ef
349 2052 455 2117 frutex
476 2052 625 2134 pestilens
646 2068 713 2114 ma·
796 2045 935 2115 offella
951 2051 989 2113 δὲ
1005 2048 1114 2134 ῧλφμα
1124 2056 1264 2134 μέγεθος
1277 2055 1340 2134 μὲν

67 2170 72 2177 ·
132 2153 291 2231 gnitudine
326 2152 473 2234 raphani,
513 2152 585 2216 folio
621 2144 728 2230 laorij
755 2148 865 2228 ἡλίκον
893 2148 1055 2232 ῥάφανος,
1085 2151 1124 2214 το
1154 2152 1193 2214 δὲ
1216 2149 1340 2233 φύλλον

132 2251 386 2331 odoresquos
415 2249 713 2346 invitans-qu]
756 2243 868 2327 ὅμοιον
885 2247 1342 2331 δάφνῃκαὶτῷμεγέθει
1434 2272 1461 2321 ,·

133 2384 247 2447 paene
305 2368 497 2448 equitatu
556 2366 713 2431 orbavit
755 2347 1045 2433 κοῑοῇιοοοοῇ·
1087 2349 1342 2450 Q
1416 2438 1426 2452 ‚

134 2483 713 2565 Alexantlrumprimnintroitu.
757 2460 892 2544 polyon,
919 2465 1243 2565 ἕοαποθννκει.
1286 2471 1317 2529 A
1333 2466 1342 2488 '
1454 2542 1480 2559 ῃ,

179 2601 430 2684 t‘magnitudine'
481 2600 520 2664 ab
558 2602 713 2669 Urlichsio
756 2606 773 2645 ⁰
795 2583 861 2644 καὶ
885 2580 989 2645 ὅπου
1018 2579 1141 2645 yffi*
1171 2583 1342 2657 οοοοοος

136 2698 223 2781 (vind.
254 2701 333 2775 Prin,
367 2702 405 2766 N.
437 2701 510 2783 215)
541 2720 578 2765 ex
612 2702 713 2767 Theo·
756 2697 988 2798 ἐφύλαττον
1009 2698 1077 2761 διοέ
1098 2703 1252 2780 χειροῖν.

136 2800 258 2879 phrasto
275 2800 403 2877 ,collata
442 2803 643 2883 paragrapho
673 2806 712 2866 35
835 2820 847 2841 ‘

138 2899 301 2981 rectissime
323 2900 477 2964 insertum
500 2899 576 2982 cst).

170 2997 209 3065 ιΙ.
239 2997 330 3076 Quod
357 3003 389 3063 et
411 2999 442 3063 in
465 2997 613 3064 Gedrosis
634 2999 712 3064 acci·
798 2996 839 3064 (l.
860 2995 912 3060 Ἐν
933 2996 972 3058 δὲ
991 2998 1033 3079 τῇ
1053 2995 1225 3080 Γεδροοίρ
1254 2994 1344 3080 χώρᾳ

137 3094 268 3163 diuitem
290 3097 396 3162 laureo
420 3097 503 3164 folio.
754 3105 939 3179 πεφυκέναι
963 3095 1067 3178 φασὶν
1088 3096 1123 3157 ἓν
1144 3099 1207 3177 μὲν
1229 3091 1343 3176 ὅμοιον
1468 3178 1471 3183 Ι

753 3200 793 3277 τῇ
823 3193 936 3280 δάφνῃ
969 3193 1093 3277 φύλλον
1121 3195 1210 3274 ἔχον,
1241 3183 1281 3258 οὗ
1301 3200 1345 3258 τοὶ

753 3297 910 3378 ὑποζύγια
942 3294 996 3358 καὶ
1033 3293 1142 3358 ὁτιοῦν
1178 3293 1209 3359 εἰ
1245 3295 1345 3379 φάγοι

753 3396 869 3480 μικρὸν
899 3391 1081 3474 ἐπισχόντα
1112 3394 1344 3478 διεφθείροντο

754 3495 1344 3578 παραπλησίωςδιατιθέμενα

752 3598 822 3659 καὶ
852 3596 1055 3676 σπώμενον
1085 3592 1231 3677 ὁμοίως
1258 3600 1345 3670 τοῖς

754 3694 1005 3781 ἐπιλήπτοις.

171 3812 204 3862 e.
243 3797 287 3861 Ea
315 3798 358 3862 ibi
386 3800 475 3880 spina
506 3799 624 3863 tradita
653 3804 711 3878 est,
796 3811 831 3860 θ.
855 3792 990 3874 Ἕτερον
1017 3793 1056 3855 δὲ
1083 3785 1243 3856 ἄκανθάν
1270 3815 1345 3856 τινα

139 3895 218 3959 cuins
260 3894 363 3978 liquor
403 3899 575 3981 adspersus
615 3899 712 3963 oculis
755 3885 1345 3985 εἶναι·οαοόηνδὲφολλονμὲν

140 4001 312 4064 cecitatem
333 3996 464 4062 inferret
480 3996 625 4061 omnibus
646 3995 713 4059 ani·
756 3992 877 4056 οὐδὲν
907 3995 1031 4072 ἔχειν,
1060 3997 1287 4072 πεφυκέναι
1315 3991 1345 4052 δ’

64 4098 66 4103 ’
138 4097 271 4163 malibus.
436 4138 438 4142 Α
756 4092 798 4154 ἐκ
817 4096 914 4174 μιᾶς
936 4093 1062 4173 ῥίζης·
1092 4089 1150 4172 ἐφ’
1182 4087 1343 4170 ἑκάστῳ
