2962 4696
805 303 845 364 24

214 476 284 543 loco
312 493 380 540 esse
402 477 520 540 motam
549 472 682 539 lectione
710 474 826 540 tradita
849 495 867 541 a
890 475 1019 541 librario
1040 478 1174 559 quedam
1204 474 1431 558 interpretandi

214 600 308 648 causa
338 580 550 664 superscripta
572 579 744 646 Schneider
772 583 850 648 vult.
901 582 963 648 Sed
991 583 1093 648 nescio
1121 583 1278 668 quomodo
1303 583 1336 648 id
1364 581 1432 647 fieri

214 690 364 772 potuerit,
384 687 576 768 υῐκιόρνκος,
598 687 624 751 si
645 687 774 768 ponitur
792 705 861 752 cum
881 706 975 753 seusu
990 690 1074 754 vocis
1096 695 1238 770 κωρνκίς,
1258 693 1433 771 exponatur

215 813 290 862 voce
312 796 450 877 α’γγεδον,
472 800 508 860 ut
527 795 670 858 omittam
692 793 752 858 hoc
773 793 841 858 loco
862 814 923 859 non
945 795 1019 860 illud
1036 796 1159 860 admitti
1180 797 1234 861 sed
1257 797 1433 876 exspectari

216 902 394 967 dumtaxat:
423 901 525 981 ἐντῷ
545 899 696 982 κωρνκίδν
719 900 765 964 vei
788 901 890 982 potius
916 937 953 947 -
974 902 1010 964 ἐν
1030 905 1098 974 τοῖς
1118 908 1269 983 κωρνκίσι
1290 945 1329 954 -
1352 903 1434 966 sicut

110 1054 129 1085 q
217 1008 361 1091 equidem
384 1024 494 1073 censeo
523 1005 689 1087 legendum
712 1024 781 1071 esse
812 1008 848 1070 ἐν
869 1011 936 1082 τοῖς
958 1008 1101 1089 α’γγείοις.
1145 1009 1247 1089 Atque
1270 1008 1344 1091 quin
1367 1007 1435 1072 voci

216 1115 344 1196 οἷγγεϊον
375 1113 423 1178 hic
454 1112 562 1177 eadem
595 1113 643 1177 vis
675 1114 750 1177 insit
778 1119 872 1194 atque
904 1114 957 1178 illo
987 1114 1054 1179 loco
1086 1115 1154 1178 voci
1185 1118 1333 1195 κωρνκίς,
1371 1132 1435 1179 oon

216 1220 343 1286 dubium
365 1219 441 1285 mihi
462 1219 597 1285 videtur.
640 1219 758 1284 Eadem
780 1237 830 1284 res
852 1221 1002 1302 111,15‚4
1023 1222 1202 1285 nominatur
1222 1221 1315 1284 κοῖλα
1334 1243 1437 1302 ampa-

216 1326 313 1411 κώδη.
356 1326 417 1392 Sed
447 1327 574 1392 omuino
604 1325 772 1392 hoc‘Plini
801 1326 867 1391 loco
892 1326 1143 1408 Theophrastum
1173 1345 1236 1391 non
1262 1327 1436 1391 adhibitum

217 1452 285 1500 esse
314 1433 434 1509 iudico,
466 1450 529 1513 quo
560 1432 694 1497 efficitur
722 1451 791 1497 eum
821 1432 899 1497 iilud
929 1434 966 1496 ἐν
993 1437 1039 1514 τῷ
1065 1431 1196 1515 κωρύκῳ
1225 1433 1311 1512 apud
1340 1433 1437 1498 alium

217 1545 379 1605 auctorem
403 1557 573 1604 enumero
596 1543 794 1603 externorum
815 1538 981 1604 invenisse.

300 1647 348 1710 De
368 1646 499 1727 platano
520 1651 649 1725 praeter
669 1645 770 1709 locum
792 1644 1003 1725 Theophrasti
1025 1663 1120 1726 supra
1142 1663 1304 1710 excussum
1326 1650 1438 1710 noster

217 1758 251 1817 et
270 1752 349 1817 alios
371 1752 488 1832 expilat
509 1756 541 1816 et
564 1751 622 1832 bis,
644 1757 679 1815 ut
702 1750 836 1832 videtur,
860 1751 992 1816 eundem
1016 1750 1281 1832 Theophrastum,
1303 1768 1436 1832 quorum

217 1859 303 1940 prior
325 1858 413 1923 locus
434 1857 607 1938 exemplum
628 1856 762 1939 praebet
784 1857 886 1921 simile
907 1857 1115 1923 antecedenti.

239 1954 241 1958 ’
315 1964 444 2031 Pliao.
468 1964 498 2028 h.
521 1963 592 2043 XII,
612 1965 702 2029 6-7.
932 1964 1087 2046 Theophr.
1110 1963 1142 2029 h.
1164 1963 1205 2044 pl.
1227 1963 1278 2043 IV,
1297 1967 1325 2042 5,
1336 1966 1366 2027 6.

217 2064 370 2129 Plataous
399 2063 475 2128 haec
502 2069 552 2127 est
577 2081 663 2128 mare
684 2064 802 2128 lonium
852 2065 903 2127 Ἐν
921 2068 984 2144 μὲν
1004 2065 1065 2145 γδρ
1080 2068 1126 2144 τῷ
1144 2063 1250 2144 Ἁδρίᾳ
1267 2060 1441 2125 πλάτανον

219 2161 378 2227 Diomedis
407 2162 510 2227 insula
544 2168 635 2227 tenus
664 2162 802 2227 eiusdem
851 2158 892 2228 οὔ
921 2183 1023 2246 φασιν
1053 2185 1103 2225 ειν
1104 2187 1139 2225 αι
1170 2160 1257 2223 πλνν
1291 2159 1369 2240 περὶ
1400 2161 1440 2224 ad

220 2261 329 2326 tumuli
346 2261 450 2340 gratia
466 2261 602 2352 primurn
616 2261 747 2339 invecta,
769 2261 800 2324 in
843 2258 1069 2346 Διομήῑδονς
1057 2259 1154 2342 ιερόν
1191 2263 1375 2323 σπανίαν
1396 2259 1442 2321 δὲ

219 2360 355 2424 Siciliam
380 2365 578 2440 transgressa
600 2365 706 2440 rat-que
719 2361 800 2423 iuter
850 2368 918 2430 nai
943 2369 986 2431 do
1006 2367 1162 2464 reatcp
1187 2366 1312 2448 πάσῃ,
1243 2339 1442 2429 -Γαί-

217 2450 335 2539 primas
364 2458 482 2523 donata
510 2457 621 2522 Itahae
650 2464 691 2521 et
722 2459 801 2521 iarn
850 2497 914 2539 W
955 2475 1106 2538 notaui
1153 2473 1222 2535 „ap
1265 2431 1443 2553 parator

219 2556 777 2636 adMorinosusquepervect
784 2575 803 2620 a
852 2573 1021 2654 ποταμοὶ
1051 2574 1138 2653 παρ
1157 2572 1311 2672 ἀμφοῖν
1354 2562 1454 2633 dtis

219 2674 262 2721 ac
291 2654 561 2720 tributarium
590 2656 712 2719 etiarn
745 2655 804 2719 de·
853 2695 924 2735 ουκ
951 2673 1062 2735 pom
1092 2681 1237 2755 paparo
1261 2669 1279 2733 ὁ
1299 2669 1442 2742 τόπος

220 2754 356 2819 tineus
394 2754 537 2835 SOlum
579 2761 623 2817 111
660 2760 805 2834 gentes
854 2769 1441 2852 HaecPliniusexipsiusexperientia‚

219 2852 416 2932 1111οΙ1811
455 2858 615 2933 111910
669 2854 806 2917 umbra
855 2887 925 2935 cum
948 2869 1099 2934 militaret
1085 2867 1360 2947 tinGermania‚
1385 2867 1442 2930 ad-

219 2951 413 3033 pessdassh
855 2967 934 3032 didit
963 2987 1072 3033 errore
1094 2967 1229 3048 quodam
1258 2966 1443 3046 interlapso‚

648 3070 651 3075 '
854 3084 924 3131 cum
946 3085 1054 3132 aceres
1070 3086 1126 3148 pro
1149 3065 1285 3147 platanis
1302 3071 1441 3145 putaret

854 3165 913 3246 (Cf.
927 3165 963 3230 V.
976 3166 1077 3243 Hehn,
1096 3164 1365 3247 ‘Kuiturpflauzen
1377 3164 1442 3228 und

853 3265 1034 3330 Haustiere'
1051 3285 1082 3348 p.
1100 3266 1185 3347 240).

439 3370 483 3453 (7)
515 3371 684 3454 Dionysius
716 3373 802 3453 prior
849 3379 901 3436 Ἐν
934 3372 1042 3456 Ῥηγίῳ
1081 3396 1157 3456 γονν
1195 3374 1234 3449 ἃς
1272 3375 1443 3455 Διονύσιος

220 3468 504 3551 Siciliaetyrannus
513 3470 644 3550 Regium
654 3471 684 3534 in
694 3470 802 3535 urbem
853 3475 1073 3558 πρεσβύτερος
1112 3474 1130 3539 ὁ
1167 3475 1324 3557 τύραννος
1360 3481 1442 3565 ἐφύ-

222 3569 384 3633 transtulit
406 3587 458 3634 eas
485 3569 592 3634 doinus
615 3587 691 3633 suae
711 3571 802 3633 mira·
853 3596 971 3640 νενσεν
1008 3577 1045 3639 ἐν
1077 3580 1123 3658 νῷ
1159 3578 1368 3660 παραδείσῳ,
1404 3582 1451 3646 αἶ’

220 3666 338 3746 culum,
368 3667 421 3731 ubi
442 3675 554 3749 postea
580 3669 696 3734 factum
718 3686 805 3750 gym·
855 3676 939 3741 εἰσιν
953 3680 1014 3741 νῦν
1031 3679 1123 3757 ἐντῷ
1138 3685 1304 3759 γυμνασίῳ
1320 3680 1442 3760 φιλοτι-

222 3767 360 3848 nasium3
406 3786 462 3832 nec
499 3770 639 3848 potuisse
678 3769 709 3832 in
741 3787 806 3832 am·
855 3777 975 3861 μνγθεὶς
1012 3776 1051 3841 oa’
1089 3777 1284 3861 δεδύνηνται
1326 3779 1443 3862 λαβεῖν

221 3866 404 3947 plitudinem
421 3885 589 3952 augescere
609 3875 681 3933 aut
701 3868 807 3934 alias
857 3883 1003 3959 με’γεδνς.

222 3972 350 4037 fuisse
381 3974 420 4036 in
451 3974 577 4039 Italia
615 3993 658 4041 ac
692 3979 809 4039 numi-

222 4081 349 4142 natim
371 4079 572 4160 Hispania
599 4083 703 4163 apud
725 4100 810 4145 auc-

225 4157 812 4186 m

223 4193 334 4250 tores
355 4189 576 4253 invenitur.
