<?xml version="1.0" encoding="UTF-8"?>
<!DOCTYPE html PUBLIC "-//W3C//DTD XHTML 1.0 Transitional//EN"
    "http://www.w3.org/TR/xhtml1/DTD/xhtml1-transitional.dtd">
<html xmlns="http://www.w3.org/1999/xhtml" xml:lang="en" lang="en">
 <head>
  <title>
</title>
<meta http-equiv="Content-Type" content="text/html;charset=utf-8" />
  <meta name='ocr-system' content='tesseract 3.04.00' />
  <meta name='ocr-capabilities' content='ocr_page ocr_carea ocr_par ocr_line ocrx_word'/>
</head>
<body>
  <div class='ocr_page' id='page_1' title='image "./derationequaein00spregoog_0025.png"; bbox 0 0 2962 4696; ppageno 0'>
   <div class='ocr_carea' id='block_1_1' title="bbox 820 285 861 345">
    <p class='ocr_par' dir='ltr' id='par_1_1' title="bbox 820 285 861 345">
     <span class='ocr_line' id='line_1_1' title="bbox 820 285 861 345; baseline 0.049 -2"><span class='ocrx_word' id='word_1_1' title='bbox 820 285 861 345; x_wconf 84' lang='lat'>20</span> 
     </span>
    </p>
   </div>
   <div class='ocr_carea' id='block_1_2' title="bbox 191 456 1475 4166">
    <p class='ocr_par' dir='ltr' id='par_1_2' title="bbox 231 456 1475 1299">
     <span class='ocr_line' id='line_1_2' title="bbox 321 456 1447 540; baseline -0.001 -17"><span class='ocrx_word' id='word_1_2' title='bbox 321 458 517 540; x_wconf 81' lang='lat' dir='ltr'>Quamquam</span> <span class='ocrx_word' id='word_1_3' title='bbox 540 457 638 538; x_wconf 90' lang='lat' dir='ltr'>igitur</span> <span class='ocrx_word' id='word_1_4' title='bbox 660 458 697 522; x_wconf 93' lang='lat' dir='ltr'>de</span> <span class='ocrx_word' id='word_1_5' title='bbox 720 458 878 540; x_wconf 88' lang='lat' dir='ltr'>plerisque</span> <span class='ocrx_word' id='word_1_6' title='bbox 900 456 994 521; x_wconf 91' lang='lat' dir='ltr'>rebus</span> <span class='ocrx_word' id='word_1_7' title='bbox 1016 459 1099 522; x_wconf 86' lang='lat' dir='ltr'>inter</span> <span class='ocrx_word' id='word_1_8' title='bbox 1124 458 1180 522; x_wconf 91' lang='lat' dir='ltr'>hos</span> <span class='ocrx_word' id='word_1_9' title='bbox 1205 458 1366 521; x_wconf 81' lang='lat' dir='ltr'>consensio</span> <span class='ocrx_word' id='word_1_10' title='bbox 1389 463 1447 540; x_wconf 89' lang='lat' dir='ltr'>est,</span> 
     </span>
     <span class='ocr_line' id='line_1_3' title="bbox 231 564 1472 647; baseline 0 -16"><span class='ocrx_word' id='word_1_11' title='bbox 231 572 336 631; x_wconf 88' lang='lat' dir='ltr'>tamen</span> <span class='ocrx_word' id='word_1_12' title='bbox 355 564 509 630; x_wconf 80' lang='lat' dir='ltr'>nonnullis</span> <span class='ocrx_word' id='word_1_13' title='bbox 532 582 656 646; x_wconf 89' lang='lat' dir='ltr'>quoque</span> <span class='ocrx_word' id='word_1_14' title='bbox 685 566 875 647; x_wconf 89' lang='lat' dir='ltr'>discrepant.</span> <span class='ocrx_word' id='word_1_15' title='bbox 919 566 963 629; x_wconf 89' lang='lat' dir='ltr'>hc</span> <span class='ocrx_word' id='word_1_16' title='bbox 990 567 1122 646; x_wconf 90' lang='lat' dir='ltr'>primum</span> <span class='ocrx_word' id='word_1_17' title='bbox 1154 565 1276 646; x_wconf 88' lang='lat' dir='ltr'>quidem</span> <span class='ocrx_word' id='word_1_18' title='bbox 1307 565 1472 631; x_wconf 82' lang='lat' dir='ltr'>ordinem.</span> 
     </span>
     <span class='ocr_line' id='line_1_4' title="bbox 232 671 1446 754; baseline 0 -19"><span class='ocrx_word' id='word_1_19' title='bbox 232 671 442 752; x_wconf 81' lang='lat' dir='ltr'>Theophrasti</span> <span class='ocrx_word' id='word_1_20' title='bbox 471 690 490 735; x_wconf 92' lang='lat' dir='ltr'>a</span> <span class='ocrx_word' id='word_1_21' title='bbox 516 671 616 736; x_wconf 88' lang='lat' dir='ltr'>Plinio</span> <span class='ocrx_word' id='word_1_22' title='bbox 645 690 707 736; x_wconf 89' lang='lat' dir='ltr'>non</span> <span class='ocrx_word' id='word_1_23' title='bbox 736 691 858 754; x_wconf 89' lang='lat' dir='ltr'>semper</span> <span class='ocrx_word' id='word_1_24' title='bbox 886 677 1044 737; x_wconf 91' lang='lat' dir='ltr'>retentum</span> <span class='ocrx_word' id='word_1_25' title='bbox 1072 690 1141 737; x_wconf 91' lang='lat' dir='ltr'>esse</span> <span class='ocrx_word' id='word_1_26' title='bbox 1168 672 1446 736; x_wconf 84' lang='lat' dir='ltr'>animadvertimus</span> 
     </span>
     <span class='ocr_line' id='line_1_5' title="bbox 231 777 1446 861; baseline 0.001 -19"><span class='ocrx_word' id='word_1_27' title='bbox 231 777 387 859; x_wconf 89' lang='lat' dir='ltr'>legentes,</span> <span class='ocrx_word' id='word_1_28' title='bbox 418 796 487 844; x_wconf 92' lang='lat' dir='ltr'>cum</span> <span class='ocrx_word' id='word_1_29' title='bbox 508 784 613 844; x_wconf 88' lang='lat' dir='ltr'>tamen</span> <span class='ocrx_word' id='word_1_30' title='bbox 635 797 696 845; x_wconf 92' lang='lat' dir='ltr'>non</span> <span class='ocrx_word' id='word_1_31' title='bbox 716 779 943 861; x_wconf 77' lang='lat' dir='ltr'>perspiciatur,</span> <span class='ocrx_word' id='word_1_32' title='bbox 971 798 1027 844; x_wconf 90' lang='lat' dir='ltr'>cur</span> <span class='ocrx_word' id='word_1_33' title='bbox 1051 778 1217 843; x_wconf 83' lang='lat' dir='ltr'>id‘factum</span> <span class='ocrx_word' id='word_1_34' title='bbox 1241 779 1292 843; x_wconf 92' lang='lat' dir='ltr'>sit.</span> <span class='ocrx_word' id='word_1_35' title='bbox 1336 778 1446 860; x_wconf 87' lang='lat' dir='ltr'>Neque</span> 
     </span>
     <span class='ocr_line' id='line_1_6' title="bbox 232 873 1445 965; baseline 0 -18"><span class='ocrx_word' id='word_1_36' title='bbox 232 883 314 948; x_wconf 89' lang='lat' dir='ltr'>enim</span> <span class='ocrx_word' id='word_1_37' title='bbox 336 873 586 957; x_wconf 54' lang='lat' dir='ltr'>noster&#39;certum</span> <span class='ocrx_word' id='word_1_38' title='bbox 613 886 645 950; x_wconf 92' lang='lat' dir='ltr'>in</span> <span class='ocrx_word' id='word_1_39' title='bbox 674 885 885 951; x_wconf 87' lang='lat' dir='ltr'>describendis</span> <span class='ocrx_word' id='word_1_40' title='bbox 912 884 1079 950; x_wconf 90' lang='lat' dir='ltr'>arboribus</span> <span class='ocrx_word' id='word_1_41' title='bbox 1106 884 1265 949; x_wconf 86' lang='lat' dir='ltr'>consilium</span> <span class='ocrx_word' id='word_1_42' title='bbox 1291 885 1445 965; x_wconf 90' lang='lat' dir='ltr'>sequitur,</span> 
     </span>
     <span class='ocr_line' id='line_1_7' title="bbox 232 991 1475 1075; baseline -0.001 -21"><span class='ocrx_word' id='word_1_43' title='bbox 232 1008 334 1075; x_wconf 90' lang='lat' dir='ltr'>neque</span> <span class='ocrx_word' id='word_1_44' title='bbox 354 991 435 1056; x_wconf 89' lang='lat' dir='ltr'>aliae</span> <span class='ocrx_word' id='word_1_45' title='bbox 456 992 610 1074; x_wconf 90' lang='lat' dir='ltr'>quaedam</span> <span class='ocrx_word' id='word_1_46' title='bbox 634 1010 745 1058; x_wconf 90' lang='lat' dir='ltr'>causae</span> <span class='ocrx_word' id='word_1_47' title='bbox 768 991 1054 1074; x_wconf 90' lang='lat' dir='ltr'>deprehenduntur.</span> <span class='ocrx_word' id='word_1_48' title='bbox 1099 991 1189 1069; x_wconf 84' lang='lat' dir='ltr'>Quod</span> <span class='ocrx_word' id='word_1_49' title='bbox 1212 1011 1247 1055; x_wconf 94' lang='lat' dir='ltr'>eo</span> <span class='ocrx_word' id='word_1_50' title='bbox 1269 991 1370 1070; x_wconf 87' lang='lat' dir='ltr'>magis</span> <span class='ocrx_word' id='word_1_51' title='bbox 1391 992 1447 1053; x_wconf 93' lang='lat' dir='ltr'>mi·</span> <span class='ocrx_word' id='word_1_52' title='bbox 1471 1020 1475 1025; x_wconf 96' lang='lat'>·</span> 
     </span>
     <span class='ocr_line' id='line_1_8' title="bbox 232 1082 1446 1180; baseline 0.003 -19"><span class='ocrx_word' id='word_1_53' title='bbox 232 1115 356 1180; x_wconf 90' lang='lat' dir='ltr'>ramur,</span> <span class='ocrx_word' id='word_1_54' title='bbox 383 1098 631 1180; x_wconf 90' lang='lat' dir='ltr'>quandoquidem</span> <span class='ocrx_word' id='word_1_55' title='bbox 652 1100 730 1163; x_wconf 88' lang='lat' dir='ltr'>satis</span> <span class='ocrx_word' id='word_1_56' title='bbox 755 1099 869 1164; x_wconf 89' lang='lat' dir='ltr'>leviter</span> <span class='ocrx_word' id='word_1_57' title='bbox 895 1105 927 1162; x_wconf 92' lang='lat' dir='ltr'>et</span> <span class='ocrx_word' id='word_1_58' title='bbox 947 1099 1059 1164; x_wconf 90' lang='lat' dir='ltr'>cursim</span> <span class='ocrx_word' id='word_1_59' title='bbox 1081 1082 1257 1163; x_wconf 84' lang='lat' dir='ltr'>naturalem</span> <span class='ocrx_word' id='word_1_60' title='bbox 1283 1098 1446 1165; x_wconf 87' lang='lat' dir='ltr'>historiam</span> 
     </span>
     <span class='ocr_line' id='line_1_9' title="bbox 233 1193 1039 1299; baseline 0 -31"><span class='ocrx_word' id='word_1_61' title='bbox 233 1221 301 1269; x_wconf 89' lang='lat' dir='ltr'>esse</span> <span class='ocrx_word' id='word_1_62' title='bbox 321 1203 493 1299; x_wconf 82' lang='lat' dir='ltr'>confectam</span> <span class='ocrx_word' id='word_1_63' title='bbox 516 1223 623 1271; x_wconf 90' lang='lat' dir='ltr'>omnes</span> <span class='ocrx_word' id='word_1_64' title='bbox 645 1193 704 1271; x_wconf 88' lang='lat' dir='ltr'>viri</span> <span class='ocrx_word' id='word_1_65' title='bbox 726 1205 810 1270; x_wconf 89' lang='lat' dir='ltr'>docti</span> <span class='ocrx_word' id='word_1_66' title='bbox 832 1205 1039 1270; x_wconf 90' lang='lat' dir='ltr'>consentiunt.</span> 
     </span>
    </p>

    <p class='ocr_par' dir='ltr' id='par_1_3' title="bbox 191 1297 1459 4166">
     <span class='ocr_line' id='line_1_10' title="bbox 275 1297 1447 1394; baseline 0 -19"><span class='ocrx_word' id='word_1_67' title='bbox 275 1299 278 1304; x_wconf 66' lang='grc'><strong>’</strong></span> <span class='ocrx_word' id='word_1_68' title='bbox 314 1310 428 1376; x_wconf 89' lang='lat' dir='ltr'>Melius</span> <span class='ocrx_word' id='word_1_69' title='bbox 448 1311 488 1375; x_wconf 88' lang='lat' dir='ltr'>ad</span> <span class='ocrx_word' id='word_1_70' title='bbox 510 1312 541 1376; x_wconf 92' lang='lat' dir='ltr'>id</span> <span class='ocrx_word' id='word_1_71' title='bbox 563 1313 728 1377; x_wconf 91' lang='lat' dir='ltr'>convenire</span> <span class='ocrx_word' id='word_1_72' title='bbox 746 1297 878 1394; x_wconf 84' lang='lat' dir='ltr'>videtur,</span> <span class='ocrx_word' id='word_1_73' title='bbox 901 1312 982 1392; x_wconf 94' lang='lat' dir='ltr'>quod</span> <span class='ocrx_word' id='word_1_74' title='bbox 1004 1311 1053 1375; x_wconf 90' lang='lat' dir='ltr'>hic</span> <span class='ocrx_word' id='word_1_75' title='bbox 1072 1331 1123 1377; x_wconf 89' lang='lat' dir='ltr'>res</span> <span class='ocrx_word' id='word_1_76' title='bbox 1143 1312 1182 1376; x_wconf 88' lang='lat' dir='ltr'>ab</span> <span class='ocrx_word' id='word_1_77' title='bbox 1203 1311 1255 1375; x_wconf 93' lang='lat' dir='ltr'>illo</span> <span class='ocrx_word' id='word_1_78' title='bbox 1275 1312 1447 1393; x_wconf 87' lang='lat' dir='ltr'>explicatas</span> 
     </span>
     <span class='ocr_line' id='line_1_11' title="bbox 234 1408 1448 1505; baseline -0.002 -22"><span class='ocrx_word' id='word_1_79' title='bbox 234 1418 416 1505; x_wconf 84' lang='lat' dir='ltr'>saepissime</span> <span class='ocrx_word' id='word_1_80' title='bbox 434 1420 465 1484; x_wconf 96' lang='lat' dir='ltr'>in</span> <span class='ocrx_word' id='word_1_81' title='bbox 485 1425 591 1485; x_wconf 87' lang='lat' dir='ltr'>artum</span> <span class='ocrx_word' id='word_1_82' title='bbox 609 1420 751 1501; x_wconf 83' lang='lat' dir='ltr'>collegit,</span> <span class='ocrx_word' id='word_1_83' title='bbox 782 1420 814 1483; x_wconf 90' lang='lat' dir='ltr'>id</span> <span class='ocrx_word' id='word_1_84' title='bbox 837 1419 921 1500; x_wconf 93' lang='lat' dir='ltr'>quod</span> <span class='ocrx_word' id='word_1_85' title='bbox 945 1418 1123 1483; x_wconf 89' lang='lat' dir='ltr'>festinantis</span> <span class='ocrx_word' id='word_1_86' title='bbox 1154 1437 1222 1483; x_wconf 91' lang='lat' dir='ltr'>esse</span> <span class='ocrx_word' id='word_1_87' title='bbox 1253 1437 1314 1482; x_wconf 91' lang='lat' dir='ltr'>non</span> <span class='ocrx_word' id='word_1_88' title='bbox 1343 1408 1448 1499; x_wconf 89' lang='lat' dir='ltr'>inepte</span> 
     </span>
     <span class='ocr_line' id='line_1_12' title="bbox 234 1524 1457 1608; baseline -0.002 -17"><span class='ocrx_word' id='word_1_89' title='bbox 234 1526 411 1608; x_wconf 87' lang='lat' dir='ltr'>opinantur.</span> <span class='ocrx_word' id='word_1_90' title='bbox 454 1524 688 1607; x_wconf 87' lang='lat' dir='ltr'>Theophrastus</span> <span class='ocrx_word' id='word_1_91' title='bbox 710 1545 805 1608; x_wconf 91' lang='lat' dir='ltr'>saepe</span> <span class='ocrx_word' id='word_1_92' title='bbox 823 1529 855 1591; x_wconf 92' lang='lat' dir='ltr'>in</span> <span class='ocrx_word' id='word_1_93' title='bbox 874 1527 1047 1592; x_wconf 85' lang='lat' dir='ltr'>elocutione</span> <span class='ocrx_word' id='word_1_94' title='bbox 1070 1526 1172 1605; x_wconf 87' lang='lat' dir='ltr'>latior,</span> <span class='ocrx_word' id='word_1_95' title='bbox 1191 1545 1282 1607; x_wconf 92' lang='lat' dir='ltr'>quem</span> <span class='ocrx_word' id='word_1_96' title='bbox 1305 1527 1355 1591; x_wconf 92' lang='lat' dir='ltr'>hic</span> <span class='ocrx_word' id='word_1_97' title='bbox 1376 1527 1457 1590; x_wconf 86' lang='lat' dir='ltr'>con·‘</span> 
     </span>
     <span class='ocr_line' id='line_1_13' title="bbox 235 1633 1449 1716; baseline -0.001 -19"><span class='ocrx_word' id='word_1_98' title='bbox 235 1633 361 1699; x_wconf 88' lang='lat' dir='ltr'>trahere</span> <span class='ocrx_word' id='word_1_99' title='bbox 382 1635 479 1715; x_wconf 89' lang='lat' dir='ltr'>solet,</span> <span class='ocrx_word' id='word_1_100' title='bbox 506 1640 541 1699; x_wconf 89' lang='lat' dir='ltr'>ut</span> <span class='ocrx_word' id='word_1_101' title='bbox 562 1635 668 1716; x_wconf 86' lang='lat' dir='ltr'>paucis</span> <span class='ocrx_word' id='word_1_102' title='bbox 689 1634 792 1698; x_wconf 86' lang='lat' dir='ltr'>verbis</span> <span class='ocrx_word' id='word_1_103' title='bbox 813 1635 922 1698; x_wconf 91' lang='lat' dir='ltr'>eadem</span> <span class='ocrx_word' id='word_1_104' title='bbox 946 1634 1177 1712; x_wconf 88' lang='lat' dir='ltr'>contineantur,</span> <span class='ocrx_word' id='word_1_105' title='bbox 1205 1653 1286 1715; x_wconf 90' lang='lat' dir='ltr'>quae</span> <span class='ocrx_word' id='word_1_106' title='bbox 1307 1633 1449 1714; x_wconf 90' lang='lat' dir='ltr'>pluribus</span> 
     </span>
     <span class='ocr_line' id='line_1_14' title="bbox 234 1739 1448 1820; baseline -0.001 -16"><span class='ocrx_word' id='word_1_107' title='bbox 234 1740 329 1807; x_wconf 90' lang='lat' dir='ltr'>illius.</span> <span class='ocrx_word' id='word_1_108' title='bbox 372 1742 414 1804; x_wconf 87' lang='lat' dir='ltr'>Et</span> <span class='ocrx_word' id='word_1_109' title='bbox 435 1742 553 1818; x_wconf 86' lang='lat' dir='ltr'>evenit,</span> <span class='ocrx_word' id='word_1_110' title='bbox 581 1749 617 1805; x_wconf 94' lang='lat' dir='ltr'>ut</span> <span class='ocrx_word' id='word_1_111' title='bbox 639 1741 734 1804; x_wconf 92' lang='lat' dir='ltr'>nimio</span> <span class='ocrx_word' id='word_1_112' title='bbox 757 1741 920 1805; x_wconf 86' lang='lat' dir='ltr'>brevitatis</span> <span class='ocrx_word' id='word_1_113' title='bbox 942 1740 1045 1804; x_wconf 89' lang='lat' dir='ltr'>studio</span> <span class='ocrx_word' id='word_1_114' title='bbox 1066 1741 1217 1804; x_wconf 89' lang='lat' dir='ltr'>obscurus</span> <span class='ocrx_word' id='word_1_115' title='bbox 1237 1739 1344 1820; x_wconf 89' lang='lat' dir='ltr'>fieret,</span> <span class='ocrx_word' id='word_1_116' title='bbox 1366 1758 1393 1803; x_wconf 87' lang='lat' dir='ltr'>e.</span> <span class='ocrx_word' id='word_1_117' title='bbox 1418 1759 1448 1819; x_wconf 94' lang='lat' dir='ltr'>g.</span> 
     </span>
     <span class='ocr_line' id='line_1_15' title="bbox 191 1846 1449 1929; baseline -0.003 -17"><span class='ocrx_word' id='word_1_118' title='bbox 191 1917 193 1920; x_wconf 58' lang='grc'>,</span> <span class='ocrx_word' id='word_1_119' title='bbox 236 1848 275 1914; x_wconf 93' lang='lat' dir='ltr'>de</span> <span class='ocrx_word' id='word_1_120' title='bbox 296 1846 354 1912; x_wconf 90' lang='lat' dir='ltr'>fico</span> <span class='ocrx_word' id='word_1_121' title='bbox 378 1846 500 1929; x_wconf 87' lang='lat' dir='ltr'>Cypria,</span> <span class='ocrx_word' id='word_1_122' title='bbox 523 1847 575 1911; x_wconf 91' lang='lat' dir='ltr'>uhi</span> <span class='ocrx_word' id='word_1_123' title='bbox 599 1848 675 1911; x_wconf 88' lang='lat' dir='ltr'>haec</span> <span class='ocrx_word' id='word_1_124' title='bbox 696 1847 815 1927; x_wconf 88' lang='lat' dir='ltr'>profert</span> <span class='ocrx_word' id='word_1_125' title='bbox 838 1847 886 1926; x_wconf 85' lang='lat' dir='ltr'>(ci.</span> <span class='ocrx_word' id='word_1_126' title='bbox 906 1865 1000 1928; x_wconf 89' lang='lat' dir='ltr'>supra</span> <span class='ocrx_word' id='word_1_127' title='bbox 1016 1846 1034 1928; x_wconf 61' lang='grc' dir='ltr'><strong>ἓ</strong></span> <span class='ocrx_word' id='word_1_128' title='bbox 1051 1847 1118 1927; x_wconf 84' lang='grc'>58);</span> <span class='ocrx_word' id='word_1_129' title='bbox 1138 1847 1201 1927; x_wconf 69' lang='lat' dir='ltr'>tsed</span> <span class='ocrx_word' id='word_1_130' title='bbox 1225 1847 1301 1911; x_wconf 86' lang='lat' dir='ltr'>haec</span> <span class='ocrx_word' id='word_1_131' title='bbox 1323 1865 1449 1929; x_wconf 85' lang='lat' dir='ltr'>germen</span> 
     </span>
     <span class='ocr_line' id='line_1_16' title="bbox 236 1953 1450 2034; baseline -0.002 -16"><span class='ocrx_word' id='word_1_132' title='bbox 236 1954 353 2018; x_wconf 90' lang='lat' dir='ltr'>emittit</span> <span class='ocrx_word' id='word_1_133' title='bbox 375 1954 441 2018; x_wconf 90' lang='lat' dir='ltr'>sine</span> <span class='ocrx_word' id='word_1_134' title='bbox 463 1954 534 2019; x_wconf 91' lang='lat' dir='ltr'>ullis</span> <span class='ocrx_word' id='word_1_135' title='bbox 551 1954 632 2018; x_wconf 86' lang='lat' dir='ltr'>foliis</span> <span class='ocrx_word' id='word_1_136' title='bbox 656 1954 751 2021; x_wconf 90' lang='lat' dir='ltr'>radici</span> <span class='ocrx_word' id='word_1_137' title='bbox 767 1954 875 2018; x_wconf 89' lang='lat' dir='ltr'>simile’</span> <span class='ocrx_word' id='word_1_138' title='bbox 898 1972 954 2018; x_wconf 90' lang='lat' dir='ltr'>nec</span> <span class='ocrx_word' id='word_1_139' title='bbox 974 1953 1062 2017; x_wconf 88' lang='lat' dir='ltr'>addit</span> <span class='ocrx_word' id='word_1_140' title='bbox 1081 1972 1120 2017; x_wconf 81' lang='lat' dir='ltr'>ex</span> <span class='ocrx_word' id='word_1_141' title='bbox 1140 1954 1199 2017; x_wconf 92' lang='lat' dir='ltr'>hoc</span> <span class='ocrx_word' id='word_1_142' title='bbox 1222 1955 1288 2034; x_wconf 92' lang='lat' dir='ltr'>ipso</span> <span class='ocrx_word' id='word_1_143' title='bbox 1308 1955 1450 2033; x_wconf 89' lang='lat' dir='ltr'>germine</span> 
     </span>
     <span class='ocr_line' id='line_1_17' title="bbox 236 2060 1450 2142; baseline -0.004 -15"><span class='ocrx_word' id='word_1_144' title='bbox 236 2061 322 2127; x_wconf 90' lang='lat' dir='ltr'>nasci</span> <span class='ocrx_word' id='word_1_145' title='bbox 352 2079 495 2142; x_wconf 90' lang='lat' dir='ltr'>pomum,</span> <span class='ocrx_word' id='word_1_146' title='bbox 524 2060 555 2124; x_wconf 95' lang='lat' dir='ltr'>id</span> <span class='ocrx_word' id='word_1_147' title='bbox 584 2061 669 2140; x_wconf 91' lang='lat' dir='ltr'>quod</span> <span class='ocrx_word' id='word_1_148' title='bbox 701 2079 718 2124; x_wconf 90' lang='lat' dir='ltr'>e</span> <span class='ocrx_word' id='word_1_149' title='bbox 751 2079 870 2125; x_wconf 84' lang='lat' dir='ltr'>conexu</span> <span class='ocrx_word' id='word_1_150' title='bbox 899 2079 962 2124; x_wconf 93' lang='lat' dir='ltr'>non</span> <span class='ocrx_word' id='word_1_151' title='bbox 993 2067 1245 2139; x_wconf 80' lang='lat' dir='ltr'>cognosceretur,</span> <span class='ocrx_word' id='word_1_152' title='bbox 1277 2062 1336 2123; x_wconf 90' lang='lat' dir='ltr'>nisi</span> <span class='ocrx_word' id='word_1_153' title='bbox 1367 2060 1450 2142; x_wconf 86' lang='lat' dir='ltr'>apud</span> 
     </span>
     <span class='ocr_line' id='line_1_18' title="bbox 237 2155 1452 2251; baseline -0.002 -18"><span class='ocrx_word' id='word_1_154' title='bbox 237 2164 485 2249; x_wconf 88' lang='lat' dir='ltr'>Theophrastum</span> <span class='ocrx_word' id='word_1_155' title='bbox 512 2172 654 2233; x_wconf 85' lang='lat' dir='ltr'>exstaret</span> <span class='ocrx_word' id='word_1_156' title='bbox 683 2168 764 2250; x_wconf 77' lang='grc' dir='ltr'><em>πρὸς</em></span> <span class='ocrx_word' id='word_1_157' title='bbox 786 2155 867 2251; x_wconf 74' lang='grc' dir='ltr'>ᾦγε</span> <span class='ocrx_word' id='word_1_158' title='bbox 889 2169 908 2230; x_wconf 84' lang='grc' dir='ltr'>ὁ</span> <span class='ocrx_word' id='word_1_159' title='bbox 929 2167 1063 2250; x_wconf 84' lang='grc' dir='ltr'><strong><em>καρπός.</em></strong></span> <span class='ocrx_word' id='word_1_160' title='bbox 1109 2168 1216 2230; x_wconf 89' lang='lat' dir='ltr'>Eidem</span> <span class='ocrx_word' id='word_1_161' title='bbox 1246 2168 1352 2231; x_wconf 89' lang='lat' dir='ltr'>studio</span> <span class='ocrx_word' id='word_1_162' title='bbox 1382 2167 1452 2230; x_wconf 91' lang='lat' dir='ltr'>bre-</span> 
     </span>
     <span class='ocr_line' id='line_1_19' title="bbox 237 2273 1454 2356; baseline -0.002 -18"><span class='ocrx_word' id='word_1_163' title='bbox 237 2275 346 2339; x_wconf 89' lang='lat' dir='ltr'>vitatis</span> <span class='ocrx_word' id='word_1_164' title='bbox 374 2273 499 2337; x_wconf 90' lang='lat' dir='ltr'>videtur</span> <span class='ocrx_word' id='word_1_165' title='bbox 529 2274 748 2354; x_wconf 83' lang='lat' dir='ltr'>tribuendum,</span> <span class='ocrx_word' id='word_1_166' title='bbox 774 2275 801 2338; x_wconf 92' lang='lat' dir='ltr'>si</span> <span class='ocrx_word' id='word_1_167' title='bbox 833 2273 864 2356; x_wconf 64' lang='grc' dir='ltr'>(ξ</span> <span class='ocrx_word' id='word_1_168' title='bbox 889 2274 940 2356; x_wconf 83' lang='lat'>59)</span> <span class='ocrx_word' id='word_1_169' title='bbox 972 2275 1146 2339; x_wconf 88' lang='lat' dir='ltr'>cerauniam</span> <span class='ocrx_word' id='word_1_170' title='bbox 1178 2275 1252 2338; x_wconf 87' lang='lat' dir='ltr'>dicit</span> <span class='ocrx_word' id='word_1_171' title='bbox 1283 2281 1392 2336; x_wconf 89' lang='lat' dir='ltr'>trunco</span> <span class='ocrx_word' id='word_1_172' title='bbox 1421 2279 1454 2335; x_wconf 93' lang='lat' dir='ltr'>et</span> 
     </span>
     <span class='ocr_line' id='line_1_20' title="bbox 236 2379 1453 2462; baseline -0.002 -18"><span class='ocrx_word' id='word_1_173' title='bbox 236 2381 338 2461; x_wconf 88' lang='lat' dir='ltr'>ipsam</span> <span class='ocrx_word' id='word_1_174' title='bbox 365 2380 498 2445; x_wconf 85' lang='lat' dir='ltr'>fertilem</span> <span class='ocrx_word' id='word_1_175' title='bbox 518 2398 603 2455; x_wconf 81' lang='lat' dir='ltr'>esse3</span> <span class='ocrx_word' id='word_1_176' title='bbox 635 2381 690 2445; x_wconf 91' lang='lat' dir='ltr'>sed</span> <span class='ocrx_word' id='word_1_177' title='bbox 712 2379 962 2460; x_wconf 88' lang='lat' dir='ltr'>Theophrastus:</span> <span class='ocrx_word' id='word_1_178' title='bbox 981 2380 1176 2462; x_wconf 68' lang='lat' dir='ltr'>‘plerumque</span> <span class='ocrx_word' id='word_1_179' title='bbox 1197 2385 1324 2456; x_wconf 88' lang='lat' dir='ltr'>trunco,</span> <span class='ocrx_word' id='word_1_180' title='bbox 1357 2380 1453 2443; x_wconf 89' lang='lat' dir='ltr'>ramis</span> 
     </span>
     <span class='ocr_line' id='line_1_21' title="bbox 237 2485 1453 2567; baseline -0.002 -17"><span class='ocrx_word' id='word_1_181' title='bbox 237 2485 387 2567; x_wconf 86' lang='lat' dir='ltr'>paullum.</span> <span class='ocrx_word' id='word_1_182' title='bbox 423 2485 467 2550; x_wconf 85' lang='lat' dir='ltr'>Et</span> <span class='ocrx_word' id='word_1_183' title='bbox 488 2486 658 2565; x_wconf 89' lang='lat' dir='ltr'>interdum,</span> <span class='ocrx_word' id='word_1_184' title='bbox 680 2486 706 2550; x_wconf 92' lang='lat' dir='ltr'>si</span> <span class='ocrx_word' id='word_1_185' title='bbox 727 2504 854 2566; x_wconf 88' lang='lat' dir='ltr'>prorsus</span> <span class='ocrx_word' id='word_1_186' title='bbox 875 2487 1101 2551; x_wconf 86' lang='lat' dir='ltr'>interciderunt</span> <span class='ocrx_word' id='word_1_187' title='bbox 1120 2505 1200 2566; x_wconf 92' lang='lat' dir='ltr'>quae</span> <span class='ocrx_word' id='word_1_188' title='bbox 1218 2486 1453 2567; x_wconf 84' lang='lat' dir='ltr'>Theophrastus</span> 
     </span>
     <span class='ocr_line' id='line_1_22' title="bbox 237 2592 1453 2673; baseline -0.002 -17"><span class='ocrx_word' id='word_1_189' title='bbox 237 2592 376 2673; x_wconf 86' lang='lat' dir='ltr'>profert,</span> <span class='ocrx_word' id='word_1_190' title='bbox 405 2592 489 2657; x_wconf 90' lang='lat' dir='ltr'>idem</span> <span class='ocrx_word' id='word_1_191' title='bbox 517 2593 676 2657; x_wconf 88' lang='lat' dir='ltr'>consilium</span> <span class='ocrx_word' id='word_1_192' title='bbox 708 2593 841 2657; x_wconf 88' lang='lat' dir='ltr'>valuisse</span> <span class='ocrx_word' id='word_1_193' title='bbox 870 2593 1001 2657; x_wconf 87' lang='lat' dir='ltr'>videtur.</span> <span class='ocrx_word' id='word_1_194' title='bbox 1055 2594 1116 2658; x_wconf 86' lang='lat' dir='ltr'>Sed</span> <span class='ocrx_word' id='word_1_195' title='bbox 1147 2595 1178 2659; x_wconf 90' lang='lat' dir='ltr'>in</span> <span class='ocrx_word' id='word_1_196' title='bbox 1208 2594 1330 2658; x_wconf 90' lang='lat' dir='ltr'>omissis</span> <span class='ocrx_word' id='word_1_197' title='bbox 1358 2592 1453 2670; x_wconf 90' lang='lat' dir='ltr'>longe</span> 
     </span>
     <span class='ocr_line' id='line_1_23' title="bbox 238 2698 1454 2782; baseline 0 -20"><span class='ocrx_word' id='word_1_198' title='bbox 238 2698 396 2780; x_wconf 90' lang='lat' dir='ltr'>plerisque</span> <span class='ocrx_word' id='word_1_199' title='bbox 414 2700 495 2763; x_wconf 91' lang='lat' dir='ltr'>ratio</span> <span class='ocrx_word' id='word_1_200' title='bbox 515 2718 574 2763; x_wconf 94' lang='lat' dir='ltr'>non</span> <span class='ocrx_word' id='word_1_201' title='bbox 596 2699 771 2780; x_wconf 88' lang='lat' dir='ltr'>invenitur;</span> <span class='ocrx_word' id='word_1_202' title='bbox 794 2699 887 2765; x_wconf 93' lang='lat' dir='ltr'>modo</span> <span class='ocrx_word' id='word_1_203' title='bbox 909 2699 988 2766; x_wconf 88' lang='lat' dir='ltr'>haec</span> <span class='ocrx_word' id='word_1_204' title='bbox 1003 2700 1210 2782; x_wconf 91' lang='lat' dir='ltr'>Theophrasti</span> <span class='ocrx_word' id='word_1_205' title='bbox 1234 2700 1454 2765; x_wconf 87' lang='lat' dir='ltr'>desiderantur</span> 
     </span>
     <span class='ocr_line' id='line_1_24' title="bbox 239 2804 1454 2889; baseline 0.001 -21"><span class='ocrx_word' id='word_1_206' title='bbox 239 2805 329 2869; x_wconf 93' lang='lat' dir='ltr'>modo</span> <span class='ocrx_word' id='word_1_207' title='bbox 350 2804 413 2869; x_wconf 91' lang='lat' dir='ltr'>illa.</span> <span class='ocrx_word' id='word_1_208' title='bbox 455 2805 503 2869; x_wconf 91' lang='lat' dir='ltr'>Ne</span> <span class='ocrx_word' id='word_1_209' title='bbox 523 2805 689 2870; x_wconf 86' lang='lat' dir='ltr'>brevitatis</span> <span class='ocrx_word' id='word_1_210' title='bbox 711 2806 835 2888; x_wconf 88' lang='lat' dir='ltr'>quidem</span> <span class='ocrx_word' id='word_1_211' title='bbox 859 2806 963 2871; x_wconf 90' lang='lat' dir='ltr'>studio</span> <span class='ocrx_word' id='word_1_212' title='bbox 984 2806 1117 2889; x_wconf 88' lang='lat' dir='ltr'>quodam</span> <span class='ocrx_word' id='word_1_213' title='bbox 1140 2825 1208 2870; x_wconf 91' lang='lat' dir='ltr'>eum</span> <span class='ocrx_word' id='word_1_214' title='bbox 1233 2806 1360 2870; x_wconf 89' lang='lat' dir='ltr'>ductum</span> <span class='ocrx_word' id='word_1_215' title='bbox 1384 2824 1454 2870; x_wconf 89' lang='lat' dir='ltr'>esse</span> 
     </span>
     <span class='ocr_line' id='line_1_25' title="bbox 238 2911 1455 2995; baseline 0.002 -21"><span class='ocrx_word' id='word_1_216' title='bbox 238 2911 393 2993; x_wconf 91' lang='lat' dir='ltr'>probatur</span> <span class='ocrx_word' id='word_1_217' title='bbox 414 2911 622 2991; x_wconf 88' lang='lat' dir='ltr'>Theophrasti</span> <span class='ocrx_word' id='word_1_218' title='bbox 652 2918 742 2976; x_wconf 85' lang='lat' dir='ltr'>textu</span> <span class='ocrx_word' id='word_1_219' title='bbox 770 2930 866 2993; x_wconf 90' lang='lat' dir='ltr'>supra</span> <span class='ocrx_word' id='word_1_220' title='bbox 896 2930 1032 2976; x_wconf 86' lang='lat' dir='ltr'>excusso.</span> <span class='ocrx_word' id='word_1_221' title='bbox 1074 2912 1253 2995; x_wconf 81' lang='lat' dir='ltr'>Numquid</span> <span class='ocrx_word' id='word_1_222' title='bbox 1283 2918 1317 2978; x_wconf 89' lang='lat' dir='ltr'>tu</span> <span class='ocrx_word' id='word_1_223' title='bbox 1345 2931 1455 2977; x_wconf 88' lang='lat' dir='ltr'>censes</span> 
     </span>
     <span class='ocr_line' id='line_1_26' title="bbox 239 3018 1456 3098; baseline 0.001 -16"><span class='ocrx_word' id='word_1_224' title='bbox 239 3018 371 3082; x_wconf 86' lang='lat' dir='ltr'>rationis</span> <span class='ocrx_word' id='word_1_225' title='bbox 392 3018 504 3098; x_wconf 81' lang='lat' dir='ltr'>inesse,</span> <span class='ocrx_word' id='word_1_226' title='bbox 525 3019 552 3082; x_wconf 92' lang='lat' dir='ltr'>si</span> <span class='ocrx_word' id='word_1_227' title='bbox 575 3018 706 3083; x_wconf 87' lang='lat' dir='ltr'>alterius</span> <span class='ocrx_word' id='word_1_228' title='bbox 724 3019 846 3083; x_wconf 90' lang='lat' dir='ltr'>arboris</span> <span class='ocrx_word' id='word_1_229' title='bbox 866 3019 908 3083; x_wconf 92' lang='lat' dir='ltr'>nil</span> <span class='ocrx_word' id='word_1_230' title='bbox 932 3020 991 3084; x_wconf 90' lang='lat' dir='ltr'>nisi</span> <span class='ocrx_word' id='word_1_231' title='bbox 1013 3021 1153 3084; x_wconf 88' lang='lat' dir='ltr'>materiei</span> <span class='ocrx_word' id='word_1_232' title='bbox 1175 3021 1300 3085; x_wconf 89' lang='lat' dir='ltr'>bonitas</span> <span class='ocrx_word' id='word_1_233' title='bbox 1323 3025 1356 3084; x_wconf 91' lang='lat' dir='ltr'>et</span> <span class='ocrx_word' id='word_1_234' title='bbox 1378 3037 1456 3083; x_wconf 88' lang='lat' dir='ltr'>usus</span> 
     </span>
     <span class='ocr_line' id='line_1_27' title="bbox 240 3124 1456 3206; baseline -0.001 -17"><span class='ocrx_word' id='word_1_235' title='bbox 240 3130 503 3189; x_wconf 88' lang='lat' dir='ltr'>commemoratur</span> <span class='ocrx_word' id='word_1_236' title='bbox 521 3127 633 3190; x_wconf 88' lang='lat' dir='ltr'>ceteris</span> <span class='ocrx_word' id='word_1_237' title='bbox 650 3126 794 3190; x_wconf 91' lang='lat' dir='ltr'>omnibus</span> <span class='ocrx_word' id='word_1_238' title='bbox 815 3124 910 3190; x_wconf 89' lang='lat' dir='ltr'>rebus</span> <span class='ocrx_word' id='word_1_239' title='bbox 930 3125 1090 3206; x_wconf 85' lang='lat' dir='ltr'>neglectis,</span> <span class='ocrx_word' id='word_1_240' title='bbox 1110 3127 1141 3189; x_wconf 93' lang='lat' dir='ltr'>in</span> <span class='ocrx_word' id='word_1_241' title='bbox 1163 3126 1263 3190; x_wconf 88' lang='lat' dir='ltr'>altera</span> <span class='ocrx_word' id='word_1_242' title='bbox 1280 3145 1352 3190; x_wconf 91' lang='lat' dir='ltr'>vero</span> <span class='ocrx_word' id='word_1_243' title='bbox 1372 3126 1456 3189; x_wconf 91' lang='lat' dir='ltr'>vires</span> 
     </span>
     <span class='ocr_line' id='line_1_28' title="bbox 240 3231 1455 3313; baseline 0 -18"><span class='ocrx_word' id='word_1_244' title='bbox 240 3232 366 3297; x_wconf 89' lang='lat' dir='ltr'>eaedem</span> <span class='ocrx_word' id='word_1_245' title='bbox 397 3231 622 3312; x_wconf 85' lang='lat' dir='ltr'>negleguntur,</span> <span class='ocrx_word' id='word_1_246' title='bbox 654 3251 724 3297; x_wconf 93' lang='lat' dir='ltr'>cum</span> <span class='ocrx_word' id='word_1_247' title='bbox 754 3239 865 3297; x_wconf 87' lang='lat' dir='ltr'>contra</span> <span class='ocrx_word' id='word_1_248' title='bbox 895 3232 933 3296; x_wconf 93' lang='lat' dir='ltr'>de</span> <span class='ocrx_word' id='word_1_249' title='bbox 963 3233 1071 3298; x_wconf 90' lang='lat' dir='ltr'>nucleo</span> <span class='ocrx_word' id='word_1_250' title='bbox 1098 3232 1257 3313; x_wconf 89' lang='lat' dir='ltr'>complura</span> <span class='ocrx_word' id='word_1_251' title='bbox 1285 3233 1455 3312; x_wconf 88' lang='lat' dir='ltr'>addantur,</span> 
     </span>
     <span class='ocr_line' id='line_1_29' title="bbox 240 3337 1457 3421; baseline 0.002 -19"><span class='ocrx_word' id='word_1_252' title='bbox 240 3356 322 3419; x_wconf 91' lang='lat' dir='ltr'>quae</span> <span class='ocrx_word' id='word_1_253' title='bbox 343 3339 374 3402; x_wconf 94' lang='lat' dir='ltr'>in</span> <span class='ocrx_word' id='word_1_254' title='bbox 399 3337 615 3419; x_wconf 88' lang='lat' dir='ltr'>Theophrasto</span> <span class='ocrx_word' id='word_1_255' title='bbox 641 3357 703 3403; x_wconf 92' lang='lat' dir='ltr'>non</span> <span class='ocrx_word' id='word_1_256' title='bbox 722 3345 800 3405; x_wconf 91' lang='lat' dir='ltr'>sunt</span> <span class='ocrx_word' id='word_1_257' title='bbox 829 3338 878 3419; x_wconf 86' lang='lat' dir='ltr'>(cl.</span> <span class='ocrx_word' id='word_1_258' title='bbox 901 3338 937 3421; x_wconf 60' lang='grc' dir='ltr'>ἕξ</span> <span class='ocrx_word' id='word_1_259' title='bbox 954 3343 1075 3402; x_wconf 82' lang='lat'><strong>61-62</strong></span> <span class='ocrx_word' id='word_1_260' title='bbox 1098 3341 1136 3403; x_wconf 90' lang='lat' dir='ltr'>de</span> <span class='ocrx_word' id='word_1_261' title='bbox 1161 3340 1271 3403; x_wconf 86' lang='lat' dir='ltr'>balano</span> <span class='ocrx_word' id='word_1_262' title='bbox 1294 3346 1327 3402; x_wconf 92' lang='lat' dir='ltr'>et</span> <span class='ocrx_word' id='word_1_263' title='bbox 1350 3340 1457 3417; x_wconf 87' lang='lat' dir='ltr'>cocis).</span> 
     </span>
     <span class='ocr_line' id='line_1_30' title="bbox 239 3443 1457 3527; baseline 0 -19"><span class='ocrx_word' id='word_1_264' title='bbox 239 3444 307 3508; x_wconf 88' lang='lat' dir='ltr'>Nec</span> <span class='ocrx_word' id='word_1_265' title='bbox 328 3445 443 3508; x_wconf 90' lang='lat' dir='ltr'>mentio</span> <span class='ocrx_word' id='word_1_266' title='bbox 472 3443 509 3508; x_wconf 91' lang='lat' dir='ltr'>fit</span> <span class='ocrx_word' id='word_1_267' title='bbox 531 3445 671 3508; x_wconf 89' lang='lat' dir='ltr'>eiusdem</span> <span class='ocrx_word' id='word_1_268' title='bbox 701 3447 745 3509; x_wconf 89' lang='lat' dir='ltr'>rei</span> <span class='ocrx_word' id='word_1_269' title='bbox 768 3444 807 3509; x_wconf 93' lang='lat' dir='ltr'>de</span> <span class='ocrx_word' id='word_1_270' title='bbox 828 3445 910 3510; x_wconf 87' lang='lat' dir='ltr'>oliva</span> <span class='ocrx_word' id='word_1_271' title='bbox 931 3446 1065 3527; x_wconf 83' lang='lat' dir='ltr'>Aegypti</span> <span class='ocrx_word' id='word_1_272' title='bbox 1088 3444 1120 3527; x_wconf 63' lang='grc' dir='ltr'>(ἓ</span> <span class='ocrx_word' id='word_1_273' title='bbox 1138 3446 1192 3527; x_wconf 85' lang='grc'>63)</span> <span class='ocrx_word' id='word_1_274' title='bbox 1218 3464 1274 3510; x_wconf 90' lang='lat' dir='ltr'>nec</span> <span class='ocrx_word' id='word_1_275' title='bbox 1295 3446 1381 3510; x_wconf 87' lang='lat' dir='ltr'>aliud</span> <span class='ocrx_word' id='word_1_276' title='bbox 1403 3464 1457 3509; x_wconf 85' lang='lat' dir='ltr'>ex·</span> 
     </span>
     <span class='ocr_line' id='line_1_31' title="bbox 242 3537 1458 3633; baseline -0.002 -17"><span class='ocrx_word' id='word_1_277' title='bbox 242 3553 464 3632; x_wconf 88' lang='lat' dir='ltr'>scriptumest</span> <span class='ocrx_word' id='word_1_278' title='bbox 493 3551 552 3614; x_wconf 92' lang='lat' dir='ltr'>nisi</span> <span class='ocrx_word' id='word_1_279' title='bbox 580 3550 631 3615; x_wconf 88' lang='lat' dir='ltr'>ubi</span> <span class='ocrx_word' id='word_1_280' title='bbox 654 3557 821 3629; x_wconf 88' lang='lat' dir='ltr'>nascatur,</span> <span class='ocrx_word' id='word_1_281' title='bbox 850 3569 888 3616; x_wconf 92' lang='lat' dir='ltr'>ne</span> <span class='ocrx_word' id='word_1_282' title='bbox 915 3552 946 3615; x_wconf 93' lang='lat' dir='ltr'>id</span> <span class='ocrx_word' id='word_1_283' title='bbox 969 3537 1091 3633; x_wconf 88' lang='lat' dir='ltr'>quidem</span> <span class='ocrx_word' id='word_1_284' title='bbox 1121 3552 1203 3632; x_wconf 90' lang='lat' dir='ltr'>quod</span> <span class='ocrx_word' id='word_1_285' title='bbox 1227 3552 1279 3616; x_wconf 91' lang='lat' dir='ltr'>ille</span> <span class='ocrx_word' id='word_1_286' title='bbox 1300 3551 1394 3616; x_wconf 88' lang='lat' dir='ltr'>habet</span> <span class='ocrx_word' id='word_1_287' title='bbox 1417 3551 1458 3615; x_wconf 92' lang='lat' dir='ltr'>de</span> 
     </span>
     <span class='ocr_line' id='line_1_32' title="bbox 242 3657 1458 3739; baseline -0.001 -17"><span class='ocrx_word' id='word_1_288' title='bbox 242 3658 328 3737; x_wconf 87' lang='lat' dir='ltr'>oleo,</span> <span class='ocrx_word' id='word_1_289' title='bbox 356 3659 496 3739; x_wconf 91' lang='lat' dir='ltr'>quamvis</span> <span class='ocrx_word' id='word_1_290' title='bbox 517 3657 658 3737; x_wconf 90' lang='lat' dir='ltr'>plurimis</span> <span class='ocrx_word' id='word_1_291' title='bbox 681 3657 755 3723; x_wconf 88' lang='lat' dir='ltr'>locis</span> <span class='ocrx_word' id='word_1_292' title='bbox 778 3658 818 3722; x_wconf 91' lang='lat' dir='ltr'>de</span> <span class='ocrx_word' id='word_1_293' title='bbox 840 3657 907 3722; x_wconf 93' lang='lat' dir='ltr'>oleo</span> <span class='ocrx_word' id='word_1_294' title='bbox 928 3659 1013 3739; x_wconf 91' lang='lat' dir='ltr'>apud</span> <span class='ocrx_word' id='word_1_295' title='bbox 1034 3657 1116 3723; x_wconf 92' lang='lat' dir='ltr'>hunc</span> <span class='ocrx_word' id='word_1_296' title='bbox 1139 3660 1180 3723; x_wconf 92' lang='lat' dir='ltr'>sit</span> <span class='ocrx_word' id='word_1_297' title='bbox 1202 3677 1321 3738; x_wconf 87' lang='lat' dir='ltr'>sermo,</span> <span class='ocrx_word' id='word_1_298' title='bbox 1350 3675 1458 3738; x_wconf 88' lang='lat' dir='ltr'>quam·</span> 
     </span>
     <span class='ocr_line' id='line_1_33' title="bbox 241 3763 1458 3846; baseline 0 -19"><span class='ocrx_word' id='word_1_299' title='bbox 241 3765 350 3844; x_wconf 88' lang='lat' dir='ltr'>visque</span> <span class='ocrx_word' id='word_1_300' title='bbox 371 3766 440 3829; x_wconf 89' lang='lat' dir='ltr'>usui</span> <span class='ocrx_word' id='word_1_301' title='bbox 461 3765 656 3844; x_wconf 90' lang='lat' dir='ltr'>potissimum</span> <span class='ocrx_word' id='word_1_302' title='bbox 680 3763 825 3829; x_wconf 88' lang='lat' dir='ltr'>arborum</span> <span class='ocrx_word' id='word_1_303' title='bbox 848 3765 1085 3846; x_wconf 89' lang='lat' dir='ltr'>peregrinarum</span> <span class='ocrx_word' id='word_1_304' title='bbox 1109 3765 1135 3828; x_wconf 91' lang='lat' dir='ltr'>is</span> <span class='ocrx_word' id='word_1_305' title='bbox 1157 3766 1284 3830; x_wconf 87' lang='lat' dir='ltr'>studeat</span> <span class='ocrx_word' id='word_1_306' title='bbox 1306 3770 1402 3844; x_wconf 86' lang='lat' dir='ltr'>atque</span> <span class='ocrx_word' id='word_1_307' title='bbox 1425 3766 1458 3828; x_wconf 91' lang='lat' dir='ltr'>in</span> 
     </span>
     <span class='ocr_line' id='line_1_34' title="bbox 242 3870 1458 3954; baseline -0.001 -19"><span class='ocrx_word' id='word_1_308' title='bbox 242 3872 331 3936; x_wconf 88' lang='lat' dir='ltr'>initio</span> <span class='ocrx_word' id='word_1_309' title='bbox 361 3870 433 3935; x_wconf 90' lang='lat' dir='ltr'>libri</span> <span class='ocrx_word' id='word_1_310' title='bbox 464 3872 637 3935; x_wconf 87' lang='lat' dir='ltr'>duodecimi</span> <span class='ocrx_word' id='word_1_311' title='bbox 666 3874 776 3951; x_wconf 90' lang='lat' dir='ltr'>aperte</span> <span class='ocrx_word' id='word_1_312' title='bbox 804 3872 1002 3951; x_wconf 80' lang='lat' dir='ltr'>pronuntiet3</span> <span class='ocrx_word' id='word_1_313' title='bbox 1039 3871 1076 3936; x_wconf 82' lang='lat' dir='ltr'>cf.</span> <span class='ocrx_word' id='word_1_314' title='bbox 1099 3872 1116 3954; x_wconf 62' lang='grc' dir='ltr'><strong>ς</strong></span> <span class='ocrx_word' id='word_1_315' title='bbox 1141 3877 1178 3936; x_wconf 80' lang='lat'>14</span> <span class='ocrx_word' id='word_1_316' title='bbox 1205 3873 1245 3953; x_wconf 64' lang='lat' dir='ltr'>,in</span> <span class='ocrx_word' id='word_1_317' title='bbox 1275 3871 1458 3952; x_wconf 87' lang='lat' dir='ltr'>praesentia</span> 
     </span>
     <span class='ocr_line' id='line_1_35' title="bbox 242 3976 1459 4058; baseline 0 -18"><span class='ocrx_word' id='word_1_318' title='bbox 242 3982 388 4041; x_wconf 85' lang='lat' dir='ltr'>externas</span> <span class='ocrx_word' id='word_1_319' title='bbox 411 3986 636 4058; x_wconf 90' lang='lat' dir='ltr'>persequemur</span> <span class='ocrx_word' id='word_1_320' title='bbox 658 3993 677 4039; x_wconf 91' lang='lat' dir='ltr'>a</span> <span class='ocrx_word' id='word_1_321' title='bbox 697 3976 827 4041; x_wconf 90' lang='lat' dir='ltr'>salutari</span> <span class='ocrx_word' id='word_1_322' title='bbox 851 3977 985 4042; x_wconf 83' lang='lat' dir='ltr'>maxime</span> <span class='ocrx_word' id='word_1_323' title='bbox 1008 3978 1088 4043; x_wconf 88' lang='lat' dir='ltr'>orsi&#39;.</span> <span class='ocrx_word' id='word_1_324' title='bbox 1132 3979 1209 4058; x_wconf 88' lang='lat' dir='ltr'>Quis</span> <span class='ocrx_word' id='word_1_325' title='bbox 1230 3984 1288 4056; x_wconf 88' lang='lat' dir='ltr'>est,</span> <span class='ocrx_word' id='word_1_326' title='bbox 1311 3978 1360 4042; x_wconf 90' lang='lat' dir='ltr'>cui</span> <span class='ocrx_word' id='word_1_327' title='bbox 1381 3977 1459 4041; x_wconf 86' lang='lat' dir='ltr'>haec</span> 
     </span>
     <span class='ocr_line' id='line_1_36' title="bbox 243 4082 1457 4166; baseline 0.003 -20"><span class='ocrx_word' id='word_1_328' title='bbox 243 4083 409 4148; x_wconf 87' lang='lat' dir='ltr'>meditanti</span> <span class='ocrx_word' id='word_1_329' title='bbox 433 4083 564 4147; x_wconf 91' lang='lat' dir='ltr'>Plinium</span> <span class='ocrx_word' id='word_1_330' title='bbox 587 4102 647 4148; x_wconf 94' lang='lat' dir='ltr'>non</span> <span class='ocrx_word' id='word_1_331' title='bbox 670 4082 878 4163; x_wconf 88' lang='lat' dir='ltr'>Theophrasti</span> <span class='ocrx_word' id='word_1_332' title='bbox 901 4085 997 4148; x_wconf 89' lang='lat' dir='ltr'>verba</span> <span class='ocrx_word' id='word_1_333' title='bbox 1019 4085 1072 4148; x_wconf 91' lang='lat' dir='ltr'>sed</span> <span class='ocrx_word' id='word_1_334' title='bbox 1099 4086 1191 4149; x_wconf 87' lang='lat' dir='ltr'>alium</span> <span class='ocrx_word' id='word_1_335' title='bbox 1215 4086 1317 4166; x_wconf 91' lang='lat' dir='ltr'>potins</span> <span class='ocrx_word' id='word_1_336' title='bbox 1340 4085 1457 4151; x_wconf 86' lang='lat' dir='ltr'>fontem</span> 
     </span>
    </p>
   </div>
   <div class='ocr_carea' id='block_1_3' title="bbox 0 0 1501 4696">
    <p class='ocr_par' dir='ltr' id='par_1_4' title="bbox 0 0 1501 4696">
     <span class='ocr_line' id='line_1_37' title="bbox 0 0 1501 4696; baseline 0 0"><span class='ocrx_word' id='word_1_337' title='bbox 0 0 1501 4696; x_wconf 95' lang='lat' dir='ltr'> </span> 
     </span>
    </p>
   </div>
  </div>
 </body>
</html>
