2962 4696
573 250 729 358 xm

102 476 220 538 temere
246 477 279 537 et
306 472 388 536 omui
412 470 523 537 iudicio
550 471 675 553 proprio
697 470 837 552 deposito
863 476 1004 536 secutum
1028 487 1095 536 esse
1124 473 1157 535 in
1186 477 1321 536 mentem

99 596 161 644 non
180 579 309 644 veniat?

185 685 248 751 Sed
271 683 425 748 dubitatio
448 682 545 747 molto
568 683 673 763 maior,
692 699 786 763 quam
811 682 848 747 de
869 683 916 747 his
935 684 1076 761 omissis,
1099 688 1148 748 est
1170 683 1323 748 derebus

102 791 218 856 additis
246 809 265 855 a
283 796 401 854 nostro
422 789 504 870 ipso,
532 788 614 869 quae
636 787 721 853 illum
743 788 898 853 deliciunt.
943 789 990 853 Ea
1011 790 1090 853 enim
1122 789 1162 854 ad
1185 789 1322 854 studium

103 899 282 978 brevitatis,
306 915 388 980 quae
412 896 577 960 omittendi
600 913 805 976 sepenumero
829 913 924 960 causa
946 895 1018 976 fuit,
1040 895 1144 960 minus
1165 896 1323 976 quadrare

102 1005 260 1069 videntur.
303 1004 368 1068 Nec
389 1002 472 1068 uude
496 1003 646 1083 originem
669 1002 809 1083 ceperint
830 1006 972 1082 apertum
995 1007 1054 1067 est.
1097 1002 1208 1082 Opinio
1231 1002 1323 1083 enim,

74 1129 165 1197 'qua
193 1129 232 1175 ea
260 1128 298 1173 ex
324 1109 386 1174 alio
416 1115 545 1174 auctore
574 1111 691 1173 inserta
722 1126 791 1172 esse
819 1108 1057 1190 existimentur,
1087 1113 1157 1173 toto
1186 1109 1321 1190 ipsorum

104 1223 221 1281 natura
249 1234 286 1280 oo
314 1234 428 1297 genere
458 1222 601 1295 vetatur,
631 1231 732 1295 neque
760 1214 842 1278 hunc
869 1214 1070 1279 durissimum
1094 1213 1230 1279 laborem
1253 1233 1322 1296 per·

101 1328 235 1404 petuam
257 1329 398 1387 nostrum
414 1323 514 1402 ipsum
533 1321 664 1399 subisse,
686 1327 721 1385 ut
736 1321 902 1401 crederem,
924 1321 997 1385 mihi
1020 1321 1209 1402 persuadere
1222 1320 1322 1402 potui.

100 1428 169 1494 Nec
198 1429 416 1493 consuetudini
444 1429 511 1492 eius
541 1428 711 1508 respondet
738 1427 943 1508 complurium
976 1434 1139 1492 auctorum
1173 1432 1322 1492 enarrata

102 1535 292 1615 coniungere
316 1534 432 1599 nullius
451 1534 574 1599 nomino
593 1535 749 1614 apposito,
770 1534 824 1598 sed
846 1532 899 1599 ubi
922 1534 954 1597 id
977 1532 1094 1598 factum
1116 1539 1175 1614 est,
1198 1535 1323 1599 nomina

102 1645 271 1705 auctorum
291 1640 331 1704 ab
353 1659 391 1705 eo
413 1640 534 1704 laudari
561 1658 628 1704 cum
658 1638 706 1704 his
736 1639 823 1704 libris
851 1647 919 1704 tum
948 1658 1004 1721 per
1025 1646 1124 1705 toturn
1146 1640 1323 1705 naturalem

99 1747 268 1811 historiam
284 1747 362 1812 satis
378 1747 578 1828 perspicitur.
621 1746 715 1809 Nulla
736 1747 909 1826 cupiditate
927 1746 1025 1825 magis
1044 1748 1203 1811 incensum
1225 1746 1322 1811 fuisse

103 1860 247 1917 nostrum
270 1872 365 1936 quam
389 1853 544 1932 gloriandi
567 1853 748 1917 auctoribus
771 1870 863 1933 quarn
886 1852 1030 1932 plurimis
1049 1853 1199 1917 adhibitis
1219 1871 1320 1935 nemo,

105 1961 160 2042 qui
187 1959 363 2024 naturalem
392 1959 554 2023 historiam
581 1959 731 2040 perlegit,
761 1959 870 2022 noscit.
922 1959 962 2022 Et
993 1959 1024 2022 id
1051 1958 1190 2023 studium
1220 1959 1321 2024 multo

30 2141 33 2145 ¹
102 2065 206 2145 magis
231 2065 369 2146 pertinet
395 2065 434 2128 od
467 2083 518 2128 res
547 2083 615 2142 eas,
647 2065 759 2145 quibus
789 2063 940 2129 abhorret
970 2064 1235 2146 aTheophrasto.
1284 2065 1321 2128 In

102 2172 189 2236 omni
211 2172 293 2235 enim
315 2189 349 2234 re
370 2175 571 2236 controversa
589 2171 665 2234 nihil
687 2171 849 2256 antiquius
869 2170 991 2252 habuit,
1014 2190 1107 2252 quam
1130 2177 1167 2236 ut
1182 2171 1321 2235 diversas

101 2278 280 2343 sententias
310 2283 455 2341 accurate
478 2278 684 2358 exscriberet,
714 2283 829 2358 etqua
856 2284 926 2342 erat
954 2279 1123 2343 ambitione
1153 2278 1321 2360 doctrinae,

100 2384 217 2465 gaudio
239 2383 359 2447 culmen
382 2382 574 2464 addebatur,
605 2401 676 2448 cum
699 2384 828 2449 alicuius
849 2385 908 2448 viri
934 2385 1017 2449 docti
1041 2387 1228 2450 sententiam
1253 2403 1321 2449 car-

101 2491 186 2555 bone
207 2496 319 2555 notare
341 2491 368 2553 ei
390 2490 514 2554 licebat.
556 2490 761 2555 Nihilominus
787 2492 912 2572 saepius
935 2499 1045 2556 noster
1065 2510 1084 2556 a
1105 2491 1320 2573 Theophrasto

100 2606 136 2662 et
155 2597 261 2677 parvis
283 2602 323 2678 et,
348 2603 384 2661 ut
404 2597 484 2661 infra
508 2599 587 2662 satis
610 2616 763 2678 superque
784 2598 986 2680 probabitur,
1009 2599 1104 2663 rebus
1126 2599 1320 2679 gravissimis

100 2686 292 2784 discrepat(
313 2704 418 2781 Quid?
447 2711 520 2783 post
549 2703 625 2767 haec
652 2705 755 2767 omnia
786 2722 888 2768 nonne
909 2703 1080 2783 probabilis
1101 2705 1227 2768 videtur
1246 2721 1319 2768 con·
1402 2786 1405 2793 ¹

98 2812 223 2875 iectura
246 2810 462 2891 Theophrasto
483 2829 501 2874 a
524 2810 625 2874 Plinio
652 2829 709 2874 nec
730 2816 915 2891 usurpatum
938 2829 975 2874 ac
997 2830 1035 2874 ne
1053 2810 1170 2876 lectum
1194 2812 1319 2892 quidem

98 2919 196 2983 esse?

187 3025 281 3102 Quae,
296 3026 323 3090 si
343 3026 505 3106 probatur,
528 3027 588 3089 iam
611 3044 673 3089 non
695 3025 886 3106 mirabimur,
908 3026 993 3107 quod
1015 3027 1055 3090 de
1075 3025 1187 3090 cummi
1209 3025 1318 3105 spinae

98 3133 277 3223 Aegyptiae
308 3133 419 3197 eodem
448 3131 512 3196 fere
541 3150 657 3196 conexu
687 3131 763 3195 dato
792 3132 885 3196 aliter
913 3150 1065 3213 perquam
1097 3134 1146 3197 hio
1174 3133 1318 3213 disputat

98 3243 247 3322 neglecto
271 3240 343 3317 illo;
377 3260 433 3306 nec
461 3242 552 3322 item,
583 3241 665 3321 quod
693 3240 839 3303 balanum
870 3240 927 3304 boc
955 3239 1021 3304 loco
1052 3241 1082 3322 (ᾗ
1106 3242 1156 3320 61)
1186 3259 1318 3304 comme-

96 3358 256 3417 moratam
278 3355 372 3432 putat
394 3349 524 3412 eandem
540 3366 609 3411 esse
631 3353 725 3428 atque
745 3347 881 3427 palmam
899 3347 983 3412 illam
1008 3349 1100 3429 paulo
1123 3356 1197 3412 ante
1217 3347 1248 3429 (ἓ
1265 3347 1317 3432 48)

96 3478 140 3525 cx
163 3459 225 3523 alio
255 3466 384 3524 auctore
406 3458 514 3522 eodem
546 3457 667 3519 nomine
691 3457 856 3538 dorratam,
887 3459 1015 3523 arbores
1041 3459 1133 3540 longe
1161 3458 1317 3538 diversas3

97 3567 187 3648 quod
206 3585 275 3631 eum
297 3584 358 3630 uon
381 3565 551 3644 effugisset,
573 3565 600 3627 si
623 3564 661 3627 dc
682 3564 740 3630 hac
762 3564 1012 3645 Theophrastum
1035 3568 1233 3632 excussisset.

183 3674 243 3739 Sed
261 3674 408 3753 quoniam
424 3672 507 3736 adid
524 3672 746 3754 disputationis
760 3674 965 3754 pervenimus,
984 3680 1029 3753 ut,
1040 3673 1317 3754 Theophrastusne

82 3782 224 3849 ‚omnino
253 3781 393 3846 aPlinio
421 3781 460 3844 ad
490 3780 546 3843 hos
575 3780 671 3844 libros
701 3787 812 3844 auctor
836 3786 1017 3860 assumptus
1049 3781 1106 3858 sit,
1136 3781 1166 3844 in
1189 3780 1316 3844 dubium

94 3894 239 3969 vocetur,
251 3889 336 3977 'haec
355 3894 463 3953 tantae
485 3887 652 3968 gravitatis
671 3888 813 3967 quaestio
833 3906 953 3952 summa
973 3889 1069 3951 totius
1087 3886 1316 3951 dissertationis

93 4001 148 4060 est
177 3996 329 4061 facienda.
371 3995 525 4059 Maiorem
554 4001 659 4059 autem
680 3981 782 4058 ¹habet
804 3995 1007 4075 gravitatem,
1035 3994 1193 4076 quianon
1223 3992 1315 4056 modo

92 4102 138 4168 ad
173 4102 229 4167 hos
263 4104 348 4184 ipsos
385 4102 483 4166 libros
522 4102 654 4181 attinet,
687 4102 742 4166 sed
782 4103 809 4166 si
845 4101 998 4182 probatur
1031 4101 1112 4165 illius
1151 4099 1315 4164 historiam
